@incollection{Dennis74,
year={1974},
isbn={978-3-540-06859-4},
booktitle={Programming Symposium},
volume={19},
series={Lecture Notes in Computer Science},
editor={Robinet, B.},
doi={10.1007/3-540-06859-7_145},
title={First version of a data flow procedure language},
url={http://dx.doi.org/10.1007/3-540-06859-7_145},
publisher={Springer Berlin Heidelberg},
author={Dennis, JackB.},
pages={362-376},
language={English}
}
