@Booklet {export:79948,
abstract     = {<p>This document is the draft specification of the F{\#} language from Microsoft and
                Microsoft Research. It will be updated regularly as the language is released
                officially.</p>},
author       = {Don Syme},
booktitle    = {The F{\#} Draft Language Specification},
month        = {February},
publisher    = {Microsoft},
title        = {The F{\#} Draft Language Specification},
url          = {http://research.microsoft.com/apps/pubs/default.aspx?id=79948},
year         = {2009},
}
