@incollection{
year={2011},
isbn={978-3-642-18377-5},
booktitle={Practical Aspects of Declarative Languages},
volume={6539},
series={Lecture Notes in Computer Science},
editor={Rocha, Ricardo and Launchbury, John},
doi={10.1007/978-3-642-18378-2_15},
title={The F# Asynchronous Programming Model},
url={http://dx.doi.org/10.1007/978-3-642-18378-2_15},
publisher={Springer Berlin Heidelberg},
author={Syme, Don and Petricek, Tomas and Lomov, Dmitry},
pages={175-189},
language={English}
}
