%%% Meltdown and Spectre
@article{Lipp2018meltdown,
 author = {Lipp, Moritz and Schwarz, Michael and Gruss, Daniel and Prescher, Thomas and Haas, Werner and Mangard, Stefan and Kocher, Paul and Genkin, Daniel and Yarom, Yuval and Hamburg, Mike},
 title = {Meltdown},
 journal = {ArXiv e-prints},
 archivePrefix = "arXiv",
 eprint = {1801.01207},
 year = 2018,
 month = jan,
} 
@article{Kocher2018spectre,
 author = {Kocher, Paul and Genkin, Daniel and Gruss, Daniel and Haas, Werner and Hamburg, Mike and Lipp, Moritz and Mangard, Stefan and Prescher, Thomas and Schwarz, Michael and Yarom, Yuval},
 title = {Spectre Attacks: Exploiting Speculative Execution},
 journal = {ArXiv e-prints},
 archivePrefix = "arXiv",
 eprint = {1801.01203},
 year = 2018,
 month = jan,
} 


%%% Intel TBB
@book{Reinders07,
  title={Intel threading building blocks: outfitting C++ for multi-core processor parallelism},
  author={Reinders, James},
  year={2007},
  publisher={" O'Reilly Media, Inc."}
}

%%% x86-tso

@Inbook{OwensEtAl09,
author="Owens, Scott and Sarkar, Susmit and Sewell, Peter",
editor="Berghofer, Stefan and Nipkow, Tobias and Urban, Christian and Wenzel, Makarius",
title="A Better x86 Memory Model: x86-TSO",
bookTitle="Theorem Proving in Higher Order Logics: 22nd International Conference, TPHOLs 2009, Munich, Germany, August 17-20, 2009. Proceedings",
year="2009",
publisher="Springer Berlin Heidelberg",
address="Berlin, Heidelberg",
pages="391--407",
isbn="978-3-642-03359-9",
doi="10.1007/978-3-642-03359-9_27",
url="https://doi.org/10.1007/978-3-642-03359-9_27"
}

@article{SewellEtAl10,
 author = {Sewell, Peter and Sarkar, Susmit and Owens, Scott and Nardelli, Francesco Zappa and Myreen, Magnus O.},
 title = {X86-TSO: A Rigorous and Usable Programmer's Model for x86 Multiprocessors},
 journal = {Commun. ACM},
 issue_date = {July 2010},
 volume = {53},
 number = {7},
 month = jul,
 year = {2010},
 issn = {0001-0782},
 pages = {89--97},
 numpages = {9},
 url = {http://doi.acm.org/10.1145/1785414.1785443},
 doi = {10.1145/1785414.1785443},
 acmid = {1785443},
 publisher = {ACM},
 address = {New York, NY, USA},
}

%%% Dennard scaling

@ARTICLE{DennardEtAl74, 
author={R. H. Dennard and F. H. Gaensslen and V. L. Rideout and E. Bassous and A. R. LeBlanc}, 
journal={IEEE Journal of Solid-State Circuits}, 
title={Design of ion-implanted MOSFET's with very small physical dimensions}, 
year={1974}, 
volume={9}, 
number={5}, 
pages={256-268}, 
keywords={Digital integrated circuits;Field effect transistors;Ion implantation;Semiconductor device manufacture;Switching circuits;digital integrated circuits;field effect transistors;ion implantation;semiconductor device manufacture;switching circuits;Digital integrated circuits;Doping profiles;Fabrication;Ion implantation;Length measurement;MOSFET circuits;Predictive models;Semiconductor process modeling;Switching circuits;Threshold voltage}, 
doi={10.1109/JSSC.1974.1050511}, 
ISSN={0018-9200}, 
month={Oct},
}

@ARTICLE{Bohr07, 
author={M. Bohr}, 
journal={IEEE Solid-State Circuits Society Newsletter}, 
title={A 30 Year Retrospective on Dennard's MOSFET Scaling Paper}, 
year={2007}, 
volume={12}, 
number={1}, 
pages={11-13}, 
keywords={Industries;Integrated circuit interconnections;Logic gates;MOSFET circuits;Silicon;Transistors;Voltage control}, 
doi={10.1109/N-SSC.2007.4785534}, 
ISSN={1098-4232}, 
month={Winter},
}


@article{BlumofeEtAl96,
title = "Cilk: An Efficient Multithreaded Runtime System",
journal = "Journal of Parallel and Distributed Computing",
volume = "37",
number = "1",
pages = "55 - 69",
year = "1996",
note = "",
issn = "0743-7315",
doi = "http://dx.doi.org/10.1006/jpdc.1996.0107",
url = "http://www.sciencedirect.com/science/article/pii/S0743731596901070",
author = "Robert D. Blumofe and Christopher F. Joerg and Bradley C. Kuszmaul and Charles E. Leiserson and Keith H. Randall and Yuli Zhou",

}

@inproceedings{AugonnetEtAl09,
  author    = {C{\'{e}}dric Augonnet and
               Samuel Thibault and
               Raymond Namyst and
               Pierre{-}Andr{\'{e}} Wacrenier},
  title     = {StarPU: {A} Unified Platform for Task Scheduling on Heterogeneous
               Multicore Architectures},
  booktitle = {Euro-Par 2009 Parallel Processing, 15th International Euro-Par Conference,
               Delft, The Netherlands, August 25-28, 2009. Proceedings},
  pages     = {863--874},
  year      = {2009},
  url       = {https://doi.org/10.1007/978-3-642-03869-3_80},
  doi       = {10.1007/978-3-642-03869-3_80},
  timestamp = {Wed, 24 May 2017 08:27:50 +0200},
  biburl    = {http://dblp.dagstuhl.de/rec/bib/conf/europar/AugonnetTNW09},
  bibsource = {dblp computer science bibliography, http://dblp.org}
}

@INPROCEEDINGS{HuangXiaFen09, 
author={S. Huang and S. Xiao and W. Feng}, 
booktitle={2009 IEEE International Symposium on Parallel Distributed Processing}, 
title={On the energy efficiency of graphics processing units for scientific computing}, 
year={2009}, 
pages={1-8}, 
keywords={microprocessor chips;parallel processing;power aware computing;power consumption;biological code;computational accelerator;energy consumption;energy efficiency;energy-delay product;graphics processing units;high-end computing;nongreen computing solution;parallel code execution time;power consumption;scientific computing;Acceleration;Biological information theory;Biology computing;Central Processing Unit;Computer graphics;Electrostatics;Energy consumption;Energy efficiency;Scientific computing;Space exploration}, 
doi={10.1109/IPDPS.2009.5160980}, 
ISSN={1530-2075}, 
month={May},}

@article{TullsenEtAl95,
 author = {Tullsen, Dean M. and Eggers, Susan J. and Levy, Henry M.},
 title = {Simultaneous Multithreading: Maximizing On-chip Parallelism},
 journal = {SIGARCH Comput. Archit. News},
 issue_date = {May 1995},
 volume = {23},
 number = {2},
 month = may,
 year = {1995},
 issn = {0163-5964},
 pages = {392--403},
 numpages = {12},
 url = {http://doi.acm.org/10.1145/225830.224449},
 doi = {10.1145/225830.224449},
 acmid = {224449},
 publisher = {ACM},
 address = {New York, NY, USA},
}

@ARTICLE{TumeoScVil12, 
author={A. Tumeo and S. Secchi and O. Villa}, 
journal={Computer}, 
title={Designing Next-Generation Massively Multithreaded Architectures for Irregular Applications}, 
year={2012}, 
volume={45}, 
number={8}, 
pages={53-61}, 
keywords={multi-threading;multiprocessing systems;Cray XMT;irregular applications;memory reference aggregation;multicore processors;next-generation massively multithreaded architectures;Bandwidth;Benchmark testing;High performance computing;Instruction sets;Memory management;Multicore processing;Multiprocessing systems;Multithreading;Peer to peer computing;Cray XMT;high-performance computing;massively multithreaded architectures;multithreaded processors}, 
doi={10.1109/MC.2012.193}, 
ISSN={0018-9162}, 
month={August},}

@INPROCEEDINGS{SnavelyEtAl98, 
author={A. Snavely and L. Carter and J. Boisseau and A. Majumdar and Kang Su Gatlin and N. Mitchell and J. Feo and B. Koblenz}, 
booktitle={Supercomputing, 1998.SC98. IEEE/ACM Conference on}, 
title={Multi-processor Performance on the Tera MTA}, 
year={1998}, 
pages={4-4}, 
keywords={NAS parallel benchmarks;Tera multithreaded architecture;parallelizing compilers;performance evaluation;performance tuning;scalability;Clocks;Computer architecture;Costs;Delay;Hardware;Kernel;Parallel architectures;Parallel processing;Random number generation;Yarn;NAS parallel benchmarks;Tera multithreaded architecture;parallelizing compilers;performance evaluation;performance tuning;scalability}, 
doi={10.1109/SC.1998.10049}, 
month={Nov},}

@ARTICLE{McNairyBhatia05, 
author={C. McNairy and R. Bhatia}, 
journal={IEEE Micro}, 
title={Montecito: a dual-core, dual-thread Itanium processor}, 
year={2005}, 
volume={25}, 
number={2}, 
pages={10-20}, 
doi={10.1109/MM.2005.34}, 
ISSN={0272-1732}, 
month={March},}


@Article{WeisEtAl2016,
author="Weis, Sebastian
and Garbade, Arne
and Fechner, Bernhard
and Mendelson, Avi
and Giorgi, Roberto
and Ungerer, Theo",
title="Architectural Support for Fault Tolerance in a Teradevice Dataflow System",
journal="International Journal of Parallel Programming",
year="2016",
volume="44",
number="2",
pages="208--232",
issn="1573-7640",
doi="10.1007/s10766-014-0312-y",
url="http://dx.doi.org/10.1007/s10766-014-0312-y"
}




@inproceedings{KaulEtAl12,
 author = {Kaul, Himanshu and Anders, Mark and Hsu, Steven and Agarwal, Amit and Krishnamurthy, Ram and Borkar, Shekhar},
 title = {Near-threshold Voltage (NTV) Design: Opportunities and Challenges},
 booktitle = {Proceedings of the 49th Annual Design Automation Conference},
 series = {DAC '12},
 year = {2012},
 isbn = {978-1-4503-1199-1},
 location = {San Francisco, California},
 pages = {1153--1158},
 numpages = {6},
 url = {http://doi.acm.org/10.1145/2228360.2228572},
 doi = {10.1145/2228360.2228572},
 acmid = {2228572},
 publisher = {ACM},
 address = {New York, NY, USA},
 keywords = {NTV, energy, performance, power, subthreshold},
} 

@article{Sutter05,
  title={The free lunch is over: A fundamental turn toward concurrency in software},
  author={Sutter, Herb},
  journal={Dr. Dobbâ€™s journal},
  volume={30},
  number={3},
  pages={202--210},
  year={2005}
}

@book{Stroustrup13,
  title={The C++ programming language},
  author={Stroustrup, Bjarne},
  year={2013},
  publisher={Pearson Education}
}
@misc{C++11,
  title={IEC 14882: 2011 Information technology--Programming languages--C++},
  author={International Organization for Standardization},
  year={2011},
  month={September},
}

@misc{C++14,
  title={IEC 14882: 2014 Information technology--Programming languages--C++},
  author={International Organization for Standardization},
  year={2015},
  month={December},
}

@misc{C11,
  title={IEC 9899: 2011 Information technology--Programming languages--C},
  author={International Organization for Standardization},
  year={2011},
  month={December}
}

@misc{OpenMP4,
    author={{OpenMP Architecture Review Board}},
    title={OpenMP Application Program Interface Version 4.0},
    year={2013},
    month={July},
}

@article{RemyEtAl99,
  title={Objective Caml--A general purpose highlevel programming language},
  author={Remy, Didier and Leroy, Xavier and Weis, Pierre},
  journal={ERCIM News},
  volume={36},
  pages={29--30},
  year={1999}
}
@article{LeroyEtAl10,
  title={The objective caml system release 3.12},
  author={Leroy, Xavier and Doligez, Damien and Frisch, Alain and Garrigue, Jacques and R{\'e}my, Didier and Vouillon, J{\'e}r{\^o}me},
  journal={Documentation and userâ€™s manual. INRIA},
  year={2010}
}

@article{Odersky06,
 author = {Odersky, Martin},
 title = {The Scala Experiment: Can We Provide Better Language Support for Component Systems?},
 journal = {SIGPLAN Not.},
 issue_date = {January 2006},
 volume = {41},
 number = {1},
 month = jan,
 year = {2006},
 issn = {0362-1340},
 pages = {166--167},
 numpages = {2},
 url = {http://doi.acm.org/10.1145/1111320.1111052},
 doi = {10.1145/1111320.1111052},
 acmid = {1111052},
 publisher = {ACM},
 address = {New York, NY, USA},
} 
@techreport{OderskyEtAl04a,
  title={An overview of the Scala programming language},
  author={Odersky, Martin and Altherr, Philippe and Cremet, Vincent and Emir, Burak and Maneth, Sebastian and Micheloud, St{\'e}phane and Mihaylov, Nikolay and Schinz, Michel and Stenman, Erik and Zenger, Matthias},
  year={2004},
  institution={\'Ecole Polytechnique F\'ed\'erale de Lausanne}
}

@misc{OderskyEtAl04b,
  title={The Scala language specification},
  author={Odersky, Martin and Altherr, Philippe and Cremet, Vincent and Emir, Burak and Micheloud, St\'ephane and Mihaylov, Nikolay and Schinz, Michel and Stenman, Erik and Zenger, Matthias},
  year={2004}
}

@Booklet{Syme09,
abstract     = {<p>This document is the draft specification of the F{\#} language from Microsoft and
                Microsoft Research. It will be updated regularly as the language is released
                officially.</p>},
author       = {Don Syme},
booktitle    = {The F{\#} Draft Language Specification},
month        = {February},
publisher    = {Microsoft},
title        = {The F{\#} Draft Language Specification},
url          = {http://research.microsoft.com/apps/pubs/default.aspx?id=79948},
year         = {2009},
}

@incollection{SymePetLom11,
year={2011},
isbn={978-3-642-18377-5},
booktitle={Practical Aspects of Declarative Languages},
volume={6539},
series={Lecture Notes in Computer Science},
editor={Rocha, Ricardo and Launchbury, John},
doi={10.1007/978-3-642-18378-2_15},
title={The F\# Asynchronous Programming Model},
url={http://dx.doi.org/10.1007/978-3-642-18378-2_15},
publisher={Springer Berlin Heidelberg},
author={Syme, Don and Petricek, Tomas and Lomov, Dmitry},
pages={175-189},
language={English}
}


@inproceedings{BauerEtAl12,
 author = {Bauer, Michael and Treichler, Sean and Slaughter, Elliott and Aiken, Alex},
 title = {Legion: Expressing Locality and Independence with Logical Regions},
 booktitle = {Proceedings of the International Conference on High Performance Computing, Networking, Storage and Analysis},
 series = {SC '12},
 year = {2012},
 isbn = {978-1-4673-0804-5},
 location = {Salt Lake City, Utah},
 pages = {66:1--66:11},
 articleno = {66},
 numpages = {11},
 url = {http://dl.acm.org/citation.cfm?id=2388996.2389086},
 acmid = {2389086},
 publisher = {IEEE Computer Society Press},
 address = {Los Alamitos, CA, USA},
} 

@inproceedings{BarikEtAl09,
    author = {Barik, Rajkishore       and 
              Budimlic, Zoran         and 
              Cav\'{e}, Vincent       and
              Chatterjee, Sanjay      and 
              Guo, Yi                 and 
              Peixotto, David         and 
              Raman, Raghavan         and 
              Shirako, Jun            and 
              Ta\c{s}irlar, Sa\u{g}nak and
              Yan, Yonghong           and 
              Zhao, Yisheng           and 
              Sarkar, Vivek},
    title = {The Habanero Multicore Software Research Project},
    booktitle = {Proceedings of the 24th ACM SIGPLAN Conference Companion on Object Oriented Programming Systems Languages and Applications},
    series = {OOPSLA '09},
    year = {2009},
    isbn = {978-1-60558-768-4},
    location = {Orlando, Florida, USA},
    pages = {735--736},
    numpages = {2},
    url = {http://doi.acm.org/10.1145/1639950.1639989},
    doi = {10.1145/1639950.1639989},
    acmid = {1639989},
    publisher = {ACM},
    address = {New York, NY, USA},
    keywords = {declarative programming, high productivity, parallel programming},
} 

@inproceedings{CaveEtAl11,
 author = {Cav{\'e}, Vincent and Zhao, Jisheng and Shirako, Jun and Sarkar, Vivek},
 title = {Habanero-Java: The New Adventures of Old X10},
 booktitle = {Proceedings of the 9th International Conference on Principles and Practice of Programming in Java},
 series = {PPPJ '11},
 year = {2011},
 isbn = {978-1-4503-0935-6},
 location = {Kongens Lyngby, Denmark},
 pages = {51--61},
 numpages = {11},
 url = {http://doi.acm.org/10.1145/2093157.2093165},
 doi = {10.1145/2093157.2093165},
 acmid = {2093165},
 publisher = {ACM},
 address = {New York, NY, USA},
 keywords = {data-race detection, language, parallel programming},
} 

@article{Knobe09,
  title={Ease of use with concurrent collections (CnC)},
  author={Knobe, Kathleen},
  journal={Hot Topics in Parallelism},
  year={2009}
}

@inproceedings{BudimlicEtAl09,
 author = {Budimlic, Zoran and Chandramowlishwaran, Aparna M. and Knobe, Kathleen and Lowney, Geoff N. and Sarkar, Vivek and Treggiari, Leo},
 title = {Declarative Aspects of Memory Management in the Concurrent Collections Parallel Programming Model},
 booktitle = {Proceedings of the 4th Workshop on Declarative Aspects of Multicore Programming},
 series = {DAMP '09},
 year = {2008},
 isbn = {978-1-60558-417-1},
 location = {Savannah, GA, USA},
 pages = {47--58},
 numpages = {12},
 url = {http://doi.acm.org/10.1145/1481839.1481846},
 doi = {10.1145/1481839.1481846},
 acmid = {1481846},
 publisher = {ACM},
 address = {New York, NY, USA},
 keywords = {concurrent collections, reference counts},
} 
@article{Budimlic10,
  title={Concurrent collections},
  author={Budimli{\'c}, Zoran and Burke, Michael and Cav{\'e}, Vincent and Knobe, Kathleen and Lowney, Geoff and Newton, Ryan and Palsberg, Jens and Peixotto, David and Sarkar, Vivek and Schlimbach, Frank and others},
  journal={Scientific Programming},
  volume={18},
  number={3-4},
  pages={203--217},
  year={2010},
  publisher={Hindawi Publishing Corporation}
}

@INPROCEEDINGS{CarterEtAl13, 
author={Carter, N.P. and Agrawal, A. and Borkar, S. and Cledat, R. and David, H. and Dunning, D. and Fryman, J. and Ganev, I. and Golliver, R.A. and Knauerhase, R. and Lethin, R. and Meister, B. and Mishra, A.K. and Pinfold, W.R. and Teller, J. and Torrellas, J. and Vasilache, N. and Venkatesh, G. and Xu, J.}, 
booktitle={High Performance Computer Architecture (HPCA2013), 2013 IEEE 19th International Symposium on}, 
title={Runnemede: An architecture for Ubiquitous High-Performance Computing}, 
year={2013}, 
month={Feb}, 
pages={198-209}, 
keywords={computer architecture;hardware-software codesign;microprocessor chips;performance evaluation;ubiquitous computing;Intel-led UHPC team;Runnemede;clock management;codesign process;energy consumption;hardware-software co-design;memory energy;on-chip memory;onchip network;power management;synthetic aperture radar algorithm;ubiquitous high performance computing architecture;voltage operation;Clocks;Hardware;Memory management;Random access memory;Runtime;System-on-chip;Xenon}, 
doi={10.1109/HPCA.2013.6522319}, 
ISSN={1530-0897},}

@INPROCEEDINGS{LauderdaleKhan12,
  author = {Christopher Lauderdale and Rishi Khan},
  title = {{Position paper: Toward a codelet-based runtime for exascale computing}},
  booktitle = {Proceedings of the 2nd International Workshop on Adaptive Self-Tuning
 Computing Systems for the Exaflop Era},
  year = {2012},
  series = {EXADAPT '12},
  address = {London, UK},
  publisher = {ACM},
  acmid = {2000421},
  isbn = {978-1-4503-0708-6},
  location = {San Jose, California},
  numpages = {12}
}

@article{MatheouEvripidou15,
    author = {Matheou, George and Evripidou, Paraskevas},
    title = {Architectural Support for Data-Driven Execution},
    journal = {ACM Trans. Archit. Code Optim.},
    issue_date = {January 2015},
    volume = {11},
    number = {4},
    month = jan,
    year = {2015},
    issn = {1544-3566},
    pages = {52:1--52:25},
    articleno = {52},
    numpages = {25},
    url = {http://doi.acm.org/10.1145/2686874},
    doi = {10.1145/2686874},
    acmid = {2686874},
    publisher = {ACM},
    address = {New York, NY, USA},
    keywords = {Data-Driven Multithreading, FPGA},
} 

@inproceedings{WooEtAl95,
    author = {Woo, Steven Cameron and Ohara, Moriyoshi and Torrie, Evan and Singh, Jaswinder Pal and Gupta, Anoop},
    title = {The SPLASH-2 Programs: Characterization and Methodological Considerations},
    booktitle = {Proceedings of the 22Nd Annual International Symposium on Computer Architecture},
    series = {ISCA '95},
    year = {1995},
    isbn = {0-89791-698-0},
    location = {S. Margherita Ligure, Italy},
    pages = {24--36},
    numpages = {13},
    url = {http://doi.acm.org/10.1145/223982.223990},
    doi = {10.1145/223982.223990},
    acmid = {223990},
    publisher = {ACM},
    address = {New York, NY, USA},
} 

@inproceedings{BieniaEtAl08,
    author = {Bienia, Christian and Kumar, Sanjeev and Singh, Jaswinder Pal and Li, Kai},
    title = {The PARSEC Benchmark Suite: Characterization and Architectural Implications},
    booktitle = {Proceedings of the 17th International Conference on Parallel Architectures and Compilation Techniques},
    series = {PACT '08},
    year = {2008},
    isbn = {978-1-60558-282-5},
    location = {Toronto, Ontario, Canada},
    pages = {72--81},
    numpages = {10},
    url = {http://doi.acm.org/10.1145/1454115.1454128},
    doi = {10.1145/1454115.1454128},
    acmid = {1454128},
    publisher = {ACM},
    address = {New York, NY, USA},
    keywords = {benchmark suite, multithreading, performance measurement, shared-memory computers},
} 

@INPROCEEDINGS{WongArpCul99, 
    author={Wong, F.C. and Martin, R.P. and Arpaci-Dusseau, R.H. and Culler, D.E.}, 
    booktitle={Supercomputing, ACM/IEEE 1999 Conference}, 
    title={Architectural Requirements and Scalability of the NAS Parallel Benchmarks}, 
    year={1999}, 
    pages={41-41}, 
    keywords={Computational efficiency;Computational modeling;Computer science;Costs;Parallel machines;Protocols;Runtime library;Scalability;Visualization;Workstations}, 
    doi={10.1109/SC.1999.10044}, 
    month={Nov},
}

@INPROCEEDINGS{CheEtAl09, 
    author={Shuai Che and Boyer, M. and Jiayuan Meng and Tarjan, D. and Sheaffer, J.W. and Sang-Ha Lee and Skadron, K.}, 
    booktitle={Workload Characterization, 2009. IISWC 2009. IEEE International Symposium on}, 
    title={Rodinia: A benchmark suite for heterogeneous computing}, 
    year={2009}, 
    pages={44-54}, 
    keywords={parallel programming;Berkeleys dwarf taxonomy;Rodinia-a benchmark suite;data layout;heterogeneous computing;memory-bandwidth limitation;multicore CPU platform;multicore GPU platform;parallel communication pattern;parallel program;power consumption;synchronization technique;Application software;Benchmark testing;Central Processing Unit;Computer architecture;Energy consumption;Kernel;Microprocessors;Multicore processing;Parallel processing;Yarn}, 
    doi={10.1109/IISWC.2009.5306797}, 
    month={Oct},}

@incollection{HuangEtAl11,
year={2011},
isbn={978-3-642-19293-7},
booktitle={New Frontiers in Information and Software as Services},
volume={74},
series={Lecture Notes in Business Information Processing},
editor={Agrawal, Divyakant and Candan, K.SelÃ§uk and Li, Wen-Syan},
doi={10.1007/978-3-642-19294-4_9},
title={The HiBench Benchmark Suite: Characterization of the MapReduce-Based Data Analysis},
url={http://dx.doi.org/10.1007/978-3-642-19294-4_9},
publisher={Springer Berlin Heidelberg},
author={Huang, Shengsheng and Huang, Jie and Dai, Jinquan and Xie, Tao and Huang, Bo},
pages={209-228},
language={English}
}

@article{BlumofeLeiserson99,
    author = {Blumofe, Robert D. and Leiserson, Charles E.},
    title = {Scheduling Multithreaded Computations by Work Stealing},
    journal = {J. ACM},
    issue_date = {Sept. 1999},
    volume = {46},
    number = {5},
    month = sep,
    year = {1999},
    issn = {0004-5411},
    pages = {720--748},
    numpages = {29},
    url = {http://doi.acm.org/10.1145/324133.324234},
    doi = {10.1145/324133.324234},
    acmid = {324234},
    publisher = {ACM},
    address = {New York, NY, USA},
    keywords = {critical-path length, multiprocessor, multithreading, randomized algorithm, thread scheduling, work stealing},
} 

@article{BlumofeEtAl95,
 author = {Blumofe, Robert D. and Joerg, Christopher F. and Kuszmaul, Bradley C. and Leiserson, Charles E. and Randall, Keith H. and Zhou, Yuli},
 title = {Cilk: An Efficient Multithreaded Runtime System},
 journal = {SIGPLAN Not.},
 issue_date = {Aug. 1995},
 volume = {30},
 number = {8},
 month = aug,
 year = {1995},
 issn = {0362-1340},
 pages = {207--216},
 numpages = {10},
 url = {http://doi.acm.org/10.1145/209937.209958},
 doi = {10.1145/209937.209958},
 acmid = {209958},
 publisher = {ACM},
 address = {New York, NY, USA},
} 

@article{HudakEtAl92,
    author = {Hudak, Paul and Peyton Jones, Simon and Wadler, Philip and Boutel, Brian and Fairbairn, Jon and Fasel, Joseph and Guzm\'{a}n, Mar\'{\i}a M. and Hammond, Kevin and Hughes, John and Johnsson, Thomas and Kieburtz, Dick and Nikhil, Rishiyur and Partain, Will and Peterson, John},
    title = {Report on the Programming Language Haskell: A Non-strict, Purely Functional Language Version 1.2},
    journal = {SIGPLAN Not.},
    issue_date = {May 1992},
    volume = {27},
    number = {5},
    month = may,
    year = {1992},
    issn = {0362-1340},
    pages = {1--164},
    numpages = {164},
    url = {http://doi.acm.org/10.1145/130697.130699},
    doi = {10.1145/130697.130699},
    acmid = {130699},
    publisher = {ACM},
    address = {New York, NY, USA},
} 

@ARTICLE{DavisKeller82, 
    author={Davis, A.L. and Keller, R.M.}, 
    journal={Computer}, 
    title={Data Flow Program Graphs}, 
    year={1982}, 
    volume={15}, 
    number={2}, 
    pages={26-41}, 
    keywords={Concurrent computing;Data flow computing;Distributed computing;Flow graphs;Flowcharts;Imaging phantoms;Programming profession;Splicing}, 
    doi={10.1109/MC.1982.1653939}, 
    ISSN={0018-9162}, 
    month={Feb},
}

@ARTICLE{ArvindNikhil90, 
    author={Arvind and Nikhil, R.S.}, 
    journal={Computers, IEEE Transactions on}, 
    title={Executing a program on the MIT tagged-token dataflow architecture}, 
    year={1990}, 
    volume={39}, 
    number={3}, 
    pages={300-318}, 
    keywords={high level languages;parallel architectures;parallel programming;program compilers;Id;MIT tagged-token dataflow architecture;compilation;determinacy;dynamic dataflow graphs;fine-grained parallelism;general-purpose high-performance parallel computing;high-level language;multiprocessor architecture;operational semantics;parallel machine language;Computer architecture;Computer science;Concurrent computing;Delay;Dynamic compiler;High level languages;Operating systems;Parallel machines;Parallel processing;Parallel programming}, 
    doi={10.1109/12.48862}, 
    ISSN={0018-9340}, 
    month={Mar},
}

@article{PapadopoulosCuller90,
    author = {Papadopoulos, Gregory M. and Culler, David E.},
    title = {Monsoon: An Explicit Token-store Architecture},
    journal = {SIGARCH Comput. Archit. News},
    issue_date = {June 1990},
    volume = {18},
    number = {2SI},
    month = may,
    year = {1990},
    issn = {0163-5964},
    pages = {82--91},
    numpages = {10},
    url = {http://doi.acm.org/10.1145/325096.325117},
    doi = {10.1145/325096.325117},
    acmid = {325117},
    publisher = {ACM},
    address = {New York, NY, USA},
} 

@article{CullerPapadopoulos90,
title = {{Data-flow Processing The explicit token store}},
journal = {{Journal of Parallel and Distributed Computing}},
volume = "10",
number = "4",
pages = "289 - 308",
year = "1990",
note = "",
issn = "0743-7315",
doi = "http://dx.doi.org/10.1016/0743-7315(90)90031-J",
url = "http://www.sciencedirect.com/science/article/pii/074373159090031J",
author = "David E. Culler and Gregory M. Papadopoulos",
}

@article{ArvindKatPin80,
    title={A dataflow architecture with tagged tokens},
    author={Arvind, V Kathail and Pingali, Keshav},
    journal={Lab. Comput. Sci., Massachusetts Inst. Technol., Cambridge, MA, Tech. Memo},
    volume={174},
    year={1980}
}

@incollection{DennisFosLin74,
year={1974},
isbn={978-3-540-06720-7},
booktitle={International Symposium on Theoretical Programming},
volume={5},
series={Lecture Notes in Computer Science},
editor={Ershov, Andrei and Nepomniaschy, Valery A.},
doi={10.1007/3-540-06720-5_15},
title={Data flow schemas},
url={http://dx.doi.org/10.1007/3-540-06720-5_15},
publisher={Springer Berlin Heidelberg},
author={Dennis, J.B. and Fosseen, J.B. and Linderman, J.P.},
pages={187-216},
language={English}
}

@article{WatsonGurd79,
    author = {Ian Watson and John Gurd},
    title = {A prototype data flow computer with token labelling},
    journal ={Managing Requirements Knowledge, International Workshop on},
    volume = {0},
    isbn = {},
    year = {1979},
    pages = {623},
    doi = {http://doi.ieeecomputersociety.org/10.1109/AFIPS.1979.14},
    publisher = {IEEE Computer Society},
    address = {Los Alamitos, CA, USA},
}

@article{HennessyEtAl82,
 author = {Hennessy, John and Jouppi, Norman and Przybylski, Steven and Rowen, Christopher and Gross, Thomas and Baskett, Forest and Gill, John},
 title = {MIPS: A Microprocessor Architecture},
 journal = {SIGMICRO Newsl.},
 issue_date = {Dec. 1982},
 volume = {13},
 number = {4},
 month = oct,
 year = {1982},
 issn = {1050-916X},
 pages = {17--22},
 numpages = {6},
 url = {http://dl.acm.org/citation.cfm?id=1014194.800930},
 acmid = {800930},
 publisher = {ACM},
 address = {New York, NY, USA},
} 

@article{GurdKirWat85,
    author = {Gurd, J. R and Kirkham, C. C and Watson, I.},
    title = {The Manchester Prototype Dataflow Computer},
    journal = {Commun. ACM},
    issue_date = {Jan. 1985},
    volume = {28},
    number = {1},
    month = jan,
    year = {1985},
    issn = {0001-0782},
    pages = {34--52},
    numpages = {19},
    url = {http://doi.acm.org/10.1145/2465.2468},
    doi = {10.1145/2465.2468},
    acmid = {2468},
    publisher = {ACM},
    address = {New York, NY, USA},
} 

@INPROCEEDINGS{OhlssonRimGun92, 
    author={Ohlsson, J. and Rimen, M. and Gunneflo, U.}, 
    booktitle={Fault-Tolerant Computing, 1992. FTCS-22. Digest of Papers.,
        Twenty-Second International Symposium on}, 
    title={A study of the effects of transient fault injection into a 32-bit
        RISC with built-in watchdog}, 
    year={1992}, 
    pages={316-325}, 
    keywords={CMOS integrated circuits;fault location;fault tolerant
        computing;reduced instruction set computing;specification languages;1.2
            micron;32 bit;32-bit RISC;CMOS technology;VHDL;application
            programs;built-in watchdog;embedded signature monitoring;median
            latency;memory overhead;minimum detection coverage;performance
            overhead;register level model;transient fault injection;very
            high-speed IC;CMOS technology;Computational modeling;Computer aided
            instruction;Computer errors;Computerized monitoring;Embedded
            computing;Error correction;Integrated circuit modeling;Reduced
            instruction set computing;Registers}, 
    doi={10.1109/FTCS.1992.243569}, 
    month={July},
}

@ARTICLE{SchuetteShen87, 
    author={Schuette, M.A. and Shen, J.P.}, 
    journal={Computers, IEEE Transactions on}, 
    title={Processor Control Flow Monitoring Using Signatured Instruction Streams}, 
    year={1987}, 
    volume={C-36}, 
    number={3}, 
    pages={264-276}, 
    keywords={Control flow monitoring;error detection coverage and latency;fault insertion experiments;roving monitoring;signature analysis;signatured instruction streams;transient and intermittent faults;Circuit faults;Control systems;Error correction;Fault detection;Hardware;Monitoring;Process control;Redundancy;Runtime;System testing;Control flow monitoring;error detection coverage and latency;fault insertion experiments;roving monitoring;signature analysis;signatured instruction streams;transient and intermittent faults}, 
    doi={10.1109/TC.1987.1676899}, 
    ISSN={0018-9340}, 
    month={March},
}

@misc{IntelManualVol3,
    title = {{Intel 64 and IA-32 Architectures Software Developer's Manual. Volume 2 (2A, 2B \& 2C): Instruction Set Reference, A-Z}},
    author = {{Intel Corporation}},
    month = {{June}},
    year = {{2015}},
}
@misc{IntelManualVol2,
    title = {{Intel 64 and IA-32 Architectures Software Developer's Manual. Volume 3 (3A, 3B \& 3C): System Programming Guide}},
    author = {{Intel Corporation}},
    month = {{June}},
    year = {{2015}},
}
@misc{IntelManualVol1,
    title = {{Intel 64 and IA-32 Architectures Software Developer's Manual. Volume 1: Basic Architecture}},
    author = {{Intel Corporation}},
    month = {{June}},
    year = {{2015}},
}

@article{UngererTobSil03,
    author = {Ungerer, Theo and Robi\v{c}, Borut and \v{S}ilc, Jurij},
    title = {A Survey of Processors with Explicit Multithreading},
    journal = {ACM Comput. Surv.},
    issue_date = {March 2003},
    volume = {35},
    number = {1},
    month = mar,
    year = {2003},
    issn = {0360-0300},
    pages = {29--63},
    numpages = {35},
    url = {http://doi.acm.org/10.1145/641865.641867},
    doi = {10.1145/641865.641867},
    acmid = {641867},
    publisher = {ACM},
    address = {New York, NY, USA},
    keywords = {Blocked multithreading, interleaved multithreading, simultaneous multithreading},
} 

@INPROCEEDINGS{EsmaeilzadehEtAl11, 
author={Esmaeilzadeh, H. and Blem, E. and St.Amant, R. and Sankaralingam, K. and Burger, D.}, 
booktitle={Computer Architecture (ISCA), 2011 38th Annual International Symposium on}, 
title={Dark silicon and the end of multicore scaling}, 
year={2011}, 
pages={365-376}, 
keywords={graphics processing units;microprocessor chips;multiprocessing systems;network topology;parallel processing;Dennard scaling;ITRS projections;Moore's law scaling;Pareto-optimal frontiers;asymmetric topology;chip topology;composed topology;computing community;dark silicon;device scaling parameters;dynamic topology;fixed-size chip;lower-bound core power;massively threaded GPU-like multicore chip organizations;multicore designs;multicore parts;multicore scaling limits;parallel workloads;performance model;processor designers;single-core performance;single-core scaling;single-threaded CPU-like multicore chip organizations;speedup potential;technology generations;upper-bound performance;Instruction sets;Microarchitecture;Multicore processing;Organizations;Performance evaluation;Topology;Transistors;Dark Silicon;Modeling;Multicore;Power;Technology Scaling}, 
ISSN={1063-6897}, 
month={June},}

@ARTICLE{WangSkadron13, 
author={Liang Wang and Skadron, K.}, 
journal={Micro, IEEE}, 
title={Implications of the Power Wall: Dim Cores and Reconfigurable Logic}, 
year={2013}, 
volume={33}, 
number={5}, 
pages={40-48}, 
keywords={logic circuits;multiprocessing systems;Amdahl law;PTM;active cores;analytical model;broad design space;circuit-level simulations;dim cores;fixed-logic accelerators;hardware accelerators;many-core heterogeneous systems;modified predictive technology model;near-threshold operation;operating frequency;power wall;reconfigurable logic;Application specific integrated circuits;Energy efficiency;Resource management;Semiconductor device manufacture;Silicon;Threshold voltage;Throughput;Amdahl's law;accelerator;dark silicon;near-threshold computing;reconfigurable logic}, 
doi={10.1109/MM.2013.74}, 
ISSN={0272-1732}, 
month={Sept},}

@ARTICLE{Taylor13, 
author={Taylor, M.B.}, 
journal={Micro, IEEE}, 
title={A Landscape of the New Dark Silicon Design Regime}, 
year={2013}, 
volume={33}, 
number={5}, 
pages={8-19}, 
keywords={computer architecture;energy conservation;energy consumption;microprocessor chips;power aware computing;silicon;Dennard scaling breakdown;architectural techniques;chip transistors;computer architecture;dark silicon design regime;energy consumption;energy efficiency;evolutionary dark silicon design principles;power consumption;process generation;silicon chip;CMOS integrated circuits;Capacitance;Dark silicon;Electric breakdown;Energy efficiency;Multicore processing;Semiconductor device manufacture;Silicon;Threshold voltage;Transistors;Dennard scaling;dark silicon;four horsemen;multicore;utilization wall}, 
doi={10.1109/MM.2013.90}, 
ISSN={0272-1732}, 
month={Sept},}

@article{ReedDongarra15,
 author = {Reed, Daniel A. and Dongarra, Jack},
 title = {Exascale Computing and Big Data},
 journal = {Commun. ACM},
 issue_date = {July 2015},
 volume = {58},
 number = {7},
 month = jun,
 year = {2015},
 issn = {0001-0782},
 pages = {56--68},
 numpages = {13},
 url = {http://doi.acm.org/10.1145/2699414},
 doi = {10.1145/2699414},
 acmid = {2699414},
 publisher = {ACM},
 address = {New York, NY, USA},
} 

@article{AmarasingheEtAl09,
  title={Exascale software study: Software challenges in extreme scale systems},
  author={Amarasinghe, Saman and Campbell, Dan and Carlson, William and Chien, Andrew and Dally, William and Elnohazy, Elmootazbellah and Hall, Mary and Harrison, Robert and Harrod, William and Hill, Kerry and
Hiller, Jon and 
Karp, Sherman and
Koelbel, Charles and 
Koester, David and
Kogge, Peter and 
Levesque, John and
Reed, Daniel 
Sarkar, Vivek and
Schreiber, Robert and 
Richards, Mark and
Scarpelli, Al and 
Shalf, John and
Snavely, Allan and
Sterling, Thomas},
  journal={DARPA IPTO, Air Force Research Labs, Tech. Rep},
  year={2009}
}

@article{GeistLucas09,
author = {Geist, Al and Lucas, Robert}, 
title = {Major Computer Science Challenges at Exascale},
year = {2009}, 
doi = {10.1177/1094342009347445}, 
abstract ={
Exascale systems will provide an unprecedented opportunity for science, one that will make it possible to use computation not only as a critical tool along with theory and experiment in understanding the behavior of the fundamental components of nature, but also for critical advances for the nationâ€™s energy needs and security. To create exascale systems and software that will enable the US Department of Energy (DOE) to meet the science goals critical to the nationâ€™s energy, ecological sustainability, and global security, we must focus on major architecture, software, algorithm, and data challenges, and build on newly emerging programming environments. Only with this new infrastructure will applications be able to scale up to the required levels of parallelism and integrate technologies into complex coupled systems for real-world multidisciplinary modeling and simulation. Achieving this goal will likely involve a shift from current static approaches for application development and execution to a combination of new software tools, algorithms, and dynamically adaptive methods.
}, 
URL = {http://hpc.sagepub.com/content/early/2009/09/09/1094342009347445.abstract}, 
eprint = {http://hpc.sagepub.com/content/early/2009/09/09/1094342009347445.full.pdf+html}, 
journal = {International Journal of High Performance Computing Applications} 
}

@incollection{Hey12,
year={2012},
isbn={978-3-642-33298-2},
booktitle={E-Science and Information Management},
volume={317},
series={Communications in Computer and Information Science},
editor={KurbanoÄŸlu, Serap and Al, Umut and ErdoÄŸan, PhyllisLepon and Tonta, YaÅŸar and UÃ§ak, Nazan},
doi={10.1007/978-3-642-33299-9_1},
title={The Fourth Paradigm â€“ Data-Intensive Scientific Discovery},
url={http://dx.doi.org/10.1007/978-3-642-33299-9_1},
publisher={Springer Berlin Heidelberg},
author={Hey, Tony},
pages={1-1},
language={English}
}

@techreport{KoggeEtAl10,
    author = {Kogge, P. and Bergman, K. and Borkar, S. and Campbell, D. and Carson, W. and Dally, W. and Denneau, M. and Franzon, P. and Harrod, W. and Hill, K. and Others},
    citeulike-article-id = {6638217},
    institution = {University of Notre Dame, CSE Dept.},
    posted-at = {2010-02-07 06:32:07},
    priority = {2},
    title = {{Exascale computing study: Technology challenges in achieving exascale systems}},
    volume = {TR-2008-13},
    year = {2008}
}

@article{LucasEtAl14,
  title={Top ten exascale research challenges},
  author={Lucas, R and Ang, J and Bergman, K and Borkar, S and Carlson, W and Carrington, L and Chiu, G and Colwell, R and Dally, W and Dongarra, J and others},
  journal={DOE ASCAC Subcommitte Report},
  year={2014}
}

@article{AshbyEtAl10,
    author = {Ashby, Steve and Beckman, Pete and Chen, Jackie and Colella, Phil and Collins, Bill and Crawford, Dona and Dongarra, Jack and Kothe, Doug and Lusk, Rusty and Messina, Paul and Mezzacappa, Paul and 
Moin, Parviz and Norman, Mike and Rosner, Robert and 
Sarkar, Vivek and Siegel, Andrew and Streitz, Fred and White, Andy and Wright, Margaret},
    citeulike-article-id = {12518713},
    journal = {summary report of the advanced scientific computing advisory committee (ASCAC) subcommittee at the US Department of Energy Office of Science},
    keywords = {doe, energy},
    posted-at = {2013-07-22 08:38:43},
    priority = {2},
    title = {{The opportunities and challenges of exascale computing.}},
    year = {2010}
}

