@book{WeirongPhD,
 author = {Weirong Zhu},
 title = {{Efficient Synchronization for a Large Scale Multi-Core Chip Architecture, Ph.D. Thesis}},
 year = 2007,
 }


@inproceedings{Laudon1997,
 author = {James Laudon and Daniel Lenoski},
 title = {{The {SGI} {O}rigin: a {ccNUMA} highly scalable server}},
 booktitle = {Proceedings of the 24th Intl. Symp. on Computer Architecture},
 year = {1997},
 location = {Denver, CO},
 }

@inproceedings(WPKG07a,
 author = "H. Wu and E. Park and M. Kaplarevic and Y. Zhang and X. Li and G.R. Gao ",
 title = {{Dynamic Optimization Option Search in {GCC}}},
 booktitle = {Proceedings of the GCC and GNU Toolchain Developers- Summit 2007},
 year = "2007"
)

@inproceedings(WPKG07b,
 author = "H. Wu and E. Park and M. Kaplarevic and Y. Zhang and X. Li and G.R. Gao ",
 title = {{Automatic Program Segment Similarity Detection in Targeted Program Performance Improvement}},
 booktitle = {Proceedings of IPDPS07, POHILL2007},
 year = "2007"
)


@InProceedings{Kagi1997,
  author = "Alain K{\"a}gi and Doug Burger and James R. Goodman",
  title = "Efficient Synchronization: Let Them Eat {QOLB}",
  pages = "170--180",
  booktitle = "Proceedings of the 24th Intl. Symp.
   on Computer Architecture",
  year =  "1997",
  month = "June",
}

@inproceedings(weirong1,
 author = {W. Zhu and Y. Niu and J. Lu and C. Shen and G.R. Gao},
 title = {{A Cluster-Based Solution for High Performance HMMPFAM Using {EARTH} Execution Model}},
 booktitle = {Proceedings of the 2003 IEEE International Conference on Cluster Computing},
 year = {1-4 Dec. 2003},
 pages = { 30-37},
 keywords = " biology computing, hidden Markov models, multi-threading, sequences, workstation clusters {EARTH} execution model, Efficient Architecture for Runnning Threads, PVM implementation, cluster-based solution, computation-intensive bioinformatics software, high performance hmmpfam, multithreaded programming execution, parallel hmmpfam, sequence classification, supercomputing clusters",
 doi = "",
 ISSN = " "
)

@inproceedings{weirong2,
 author = {W. Zhu and Y. Niu and J. Lu and G.R. Gao},
 title = {{Implementing Parallel HMMM-PFAM on the {EARTH} Multithreaded Architecture}},
 booktitle = {Proceedings of the 2003 IEEE Bioinformatics Conference},
 year = {11-14 Aug. 2003},
 pages = { 549-550},
 keywords = " hidden Markov models, multi-threading, virtual machines 15.9 hour, 4.3 min, PVM implementation, computation-intensive bioinformatics software, dual-CPU nodes, event-driven fine-grain multithreaded programming, execution model, execution time, hmmpfam, multithreaded architecture, scalability, sequence classification, speedup, testbench",
 doi = "10.1109/CSB.2003.1227404",
 ISSN = " "
}


@ARTICLE(parimulaphd,
 author = " P. Thulasiraman",
 title = {{Irregular Computations on Fine-Grain Multithreaded Architecture}},
 journal = "University of Delaware. PhD Thesis",
 year = "2000",
)

@article(theobald-definition,
 author = "K.B. Theobald",
 title = {{Definition of the {EARTH} Model}},
 journal = "citeseer.ist.psu.edu/theobald99definition.html"
)

@inproceedings(UDpub2,
 author = "Y. Zhang and E. Duesterwald and G.R. Gao",
 title = "Concurrency Analysis for Shared Memory Programs with Textually Unaligned
         Barriers",
 booktitle = "Proceedings of the 20th International Workshop on Languages and
Compilers for Parallel Computing (LCPC 2007)",
 year = "2007",
)
@ARTICLE(UDpub3,
 author = "G. Tan and N. Sun and G.R. Gao",
 title = {{A Parallel Dynamic Programming Algorithm on a Multi-core Architecture}},
 journal = "In Proceedings of the 9th ACM Symposium on Parallelism in Algorithms and Architectures (SPAA
2007), Pages: 135 ?? 144",
 year = "2007",
)
@INPROCEEDINGS(UDpub4,
 author = "Y. Zhang and V.C. Sreedhar and W. Zhu and V. Sarkar and G.R. Gao",
 title = "Optimized lock assignment and allocation: a method for exploiting
concurrency among critical sections",
 booktitle = "Proceedings of the 12th ACM SIGPLAN symposium on Principles and
practice of parallel programming (PPoPP 2007), Pages: 146 ?? 147",
 year = "2007",
)

@ARTICLE(UDpub6,
 author = "G. Gan and Z. Hu and J. Cuvillo and G.R. Gao",
 title = "Exploring a multithreaded methodology to implement a network communication
protocol on the {C}yclops-64 multithreaded architecture",
 journal = "First Workshop on Multithreaded Architectures and
Applications (MATTP'07), in conjunction with the 21st International Parallel and
Distributed Processing Symposium (IPDPS 2007)",
 year = "2007"
)
@ARTICLE(UDpub7,
 author = "D. Orozco and L. Xue and M. Bolat and X. Li and G.R. Gao",
 title = {{Experience of Optimizing {FFT} on {I}ntel Core Architecture}},
 journal = "Workshop on Performance Optimization for High-Level Languages and
Libraries (POHLL'07), in conjunction with 21th International Parallel and
Distributed Processing Symposium (IPDPS 2007)",
 year = "2007"
)
@ARTICLE(UDpub8,
 author = "W. Zhu and Z. Hu and G.R. Gao",
 title = "On the Role of Deterministic Fine-Grain Data Synchronization for
Scientific Applications: A Revisit in the Emerging Many-Core Era",
 journal = "First Workshop on Multithreaded Architectures and
Applications (MATTP'07), in conjunction with the 21st International Parallel and
Distributed Processing Symposium (IPDPS 2007)",
 year = "2007"
)
@ARTICLE(UDpub9,
 author = "W. Zhu and P. Thulasiraman and R.K. Thulasiram and G.R. Gao",
 title = "Exploring Financial Applications on Many-core-on-a-chip Architecture: A
First Experiment",
 journal = "Workshop on Frontiers of High Performance Computing and Networking
(FHPCN2006), in Proceedings of 4th International Symposium on Parallel and
Distributed Processing and Applications (ISPA-06)",
 year = "2006"
)
@Proceedings(UDpub10,
 author = "Z. Hu and J. Cuvillo and W. Zhu and G.R. Gao",
 title = "Optimization of Dense Matrix Multiplication on {IBM} {C}yclops-64: Challenges
and Experiences",
 booktitle = {Proceedings of Europar'2006},
 year = "2006"
)
@Inproceedings(UDpub11,
 author = "Y.M.P. Zhang and T. Jeong and F. Chen and H. Wu and R. Nitzsche and G.R. Gao",
 title = {{A Study of the On-Chip Interconnection Network for the {IBM} {C}yclops-64 Multi-Core Architecture}},
 booktitle = "Proceedings of 20th International Parallel and Distributed
Processing Symposium (IPDPS2006)",
 year = "2006"
)

@inproceedings{UDpub13,
    author = "G.R. Gao and T. Sterling and R. Stevens and M. Hereld and W. Zhu",
    booktitle = {20th International Parallel and Distributed Processing Symposium (IPDPS2006)},
    title = {{Hierarchical Multithreading: Programming Model and System Software}},
    journal = "Workshop on NSF Next Generation Software Program (NSFNGS'06), in conjunction with 20th International Parallel and Distributed Processing Symposium (IPDPS2006)",
    year = "2006"
}

@inproceedings{UDpub14,
 author = "Y. Niu and Z. Hu and K.E. Barner and G. Gao",
 title = {{Performance Modelling and Optimization of Memory Access on Cellular Computer Architecture Cyclops64}},
 booktitle = {Network and Parallel Computing, {IFIP} InternationalConference, {NPC} 2005, Beijing, China, November 30 -- December 3, 2005, Proceedings},
 year = "2005",
 editor = "Hai Jin and Daniel A. Reed and Wenbin Jiang",
 volume = "3779",
 series = "Lecture Notes in Computer Science",
 pages = "132--143",
 publisher = "Springer",
 bibdate = "2005-12-23",
 bibsource = "DBLP, http://dblp.uni-trier.de/db/conf/npc/npc2005.html#NiuHBG05",
 ISBN = "3-540-29810-X",
 URL = "http://dx.doi.org/10.1007/11577188_18",
}
@INPROCEEDINGS(UDpub16,
 author = "J.B. Manzano and Y. Zhang and G.R. Gao",
 title = {{3{I}: The {D}elaware Programmability, Productivity and Proficiency Inquiry}},
 booktitle = "Proceedings of the Second International Workshop On Software Engineering
for High Performance Computing System Applications (SE-HPCS '05)",
 year = "2005"
)
@inproceedings(UDpub17,
 author = "Y. Zhang and J.B. Manzano and G.R. Gao",
 title = {{Atomic Section: Concept and Implementation}},
 booktitle = "Proceedings of the Mid-Atlantic Student Workshop on Programming Languages and Systems
(MASPLAS '05)",
 year = "2005"
)
@inproceedings(UDpub18,
 author = "W. Zhu and Y. Niu and G.R. Gao",
 title = {{Performance Portability on EARTH: A Case Study across Several Parallel Architectures}},
 booktitle = "Proceedings of the 4th International Workshop on Performance Modeling,Evaluation, and
Optimization of Parallel and Distributed Systems (PMEO-PDS'05), in conjunction with
IPDPS 2005",
 year = "2005"
)
@inproceedings(UDpub19,
 author = "J. Cuvillo and W. Zhu and Z. Hu and G.R. Gao",
 title = "TiNy Threads: a Thread Virtual Machine for the {C}yclops64 Cellular
Architecture",
 booktitle = {Proceedings of the 19th International Parallel and Distributed Processing System},
 year = "2005"
)
@inproceedings(UDpub20,
 author = "Y. Zhang and W. Zhu and F. Chen and Z. Hu and G.R. Gao",
 title = "Sequential Consistency Revisited:The  Sufficient Condition and Method to
Reason The Consistency Model of a Multiprocessor-On-A-Chip Architecture",
 booktitle = "Proceedings of the Twenty-Third IASTED International Conference on Parallel and
Distributed Computing and Networks (PDCN 2005)",
 year = "2005"
)

@Article(CF2006Weirong,
 author = {J. Cuvillo and W.Zhu and G.R. Gao},
 title = {{Landing OpenMP on {C}yclops-64: An Efficient Mapping of OpenMP to a  many-core System-on-a-chip}},
 year = {2006},
 journal = "3rd ACM International Conference on Computing Frontiers (CF'06)"
)
@Article{Feo1988,
  author =   {John Feo},
  title =   {An analysis of the computational and parallel complexity of the {L}ivermore loops},
  journal =   {Parallel Computing},
  year =   1988,
  volume =  7,
  number =  2,
  pages =  {163-185}
}

@ARTICLE(SESC2,
 author = "J. Renau and B. Fraguela and J. Tuck and W. Liu and M. Prvulovic and L. Ceze and S. Sarangi and P. Sack and K. Strauss and P. Montesinos",
 title = {{{SESC} Simulator}},
 journal = "sesc.sourceforge.net",
 year = "2005"
)

@article{HPCCBench,
 title = {{{HPC} Challenge Benchmark}},
 journal = {http://icl.cs.utk.edu/hpcc/},
 }

@article(ISCA05WorkshopJuan,
 author = {J. Cuvillo and W. Zhu and Z. Hu and G. Gao},
 title = {{ FAST: A Functionally Accurate Simulation Toolset for the {C}yclops-64 Cellular Architecture}},
 year = {2005},
 journal = "Workshop on Modeling, Benchmarking and Simulation (MoBS), held in conjunction with the 32nd Annual International Symposium on Computer Architecture (ISCA'05), Madison, Wisconsin, June 4"
)

@InCollection{Smith85c,
  author = "Burton Smith",
  title = "The Architecture of {HEP}",
  booktitle = "Parallel {MIMD} Computation: {HEP} Supercomputer and Its
   Applications",
  series = "Scientific Computation Series",
  pages = "41--55",
  publisher = "MIT Press",
  address = "Cambridge, MA",
  year =  "1985",
}


@ARTICLE{Alverson1990,
  author = {Robert Alverson and David Callahan and Daniel Cummings and Brian
 Koblenz and Allan Porterfield and Burton Smith},
  title = {{The {Tera} computer system}},
  journal = {SIGARCH Comput. Archit. News},
  year = {1990},
  volume = {18},
  pages = {1--6},
  number = {3b},
  address = {New York, NY, USA},
  issn = {0163-5964},
  publisher = {ACM Press},
}

@inproceedings(Fei07,
 author = "L-K. Liu and F. Chen and C.J. Georgiou and G.R. Gao",
 title = {{Server {I/O} Acceleration Using an Embedded Multi-core Architecture}},
 booktitle = {Proceedings of the Workshop on Application Specific Processors (WASP07), Salzburg, Austria},
 year = "2007",
)


@Article{Dally92,
  author = "W. J. Dally and J.A. Fiske and J.S. Keen and R.A. Lethin and M.D. Noakes and P.R. Nuth and R.E. Davison and G.A. Fyler",
  title = "The Message-driven Processor",
  journal = "IEEE Micro.",
  volume = "12",
  number = "2",
  pages = "23--39",
  year =  "1992",
}


@Article{Agarwal93,
  title = "Sparcle: An Evolutionary Processor Design for
   Large-Scale Multiprocessors",
  author = "Anant Agarwal and John Kubiatowicz and David Kranz and
   Beng-Hong Lim and Donald Yeoung and Geoffrey D'Souza
   and M. Parkin",
  journal = "IEEE Micro",
  year =  "1993",
  month = jun,
  volume = "13",
  number = "3",
  pages = "48--61",
}

@inproceedings{Keckler1998,
 author = {Stephen W. Keckler and William J. Dally and Daniel Maskit and Nicholas P. Carter and Andrew Chang and Whay S. Lee},
 title = {{Exploiting fine-grain thread level parallelism on the {MIT} multi-{ALU} processor}},
 booktitle = {Proceedings of the 25th Intl. Symp. on Computer architecture},
 year = {1998},
 location = {Barcelona, Spain},
}

@inproceedings{Feo2005,
 author = {John Feo and D. Harper and S. Kahan and P. Konecny},
 title = {{ELDORADO}},
 booktitle = {Proceedings of the 2nd Conference on Computing frontiers},
 year = {2005},
 pages = {28--34},
 location = {Ischia, Italy},
}

@article{lam1988spe,
  title = {{{Software pipelining: an effective scheduling technique for VLIW machines}}},
  author={Lam, M.},
  journal={Proceedings of the SIGPLAN'88 conference on Programming language design and implementation},
  volume={23},
  number={7},
  pages={318--328},
  year={1988},
  publisher={ACM New York, NY, USA},
}

@article{rau1994ims,
  title = {{{Iterative modulo scheduling: an algorithm for software pipelining loops}}},
  author={Rau, B.R.},
  journal={Proceedings of the 27th annual international symposium on Microarchitecture},
  pages={63--74},
  year={1994},
  publisher={ACM New York, NY, USA},
}

@article{moon1997pnc,
 author = {Soo-Mook Moon and Kemal Ebcio\u{g}lu},
 title = {{Parallelizing nonnumerical code with selective scheduling and software pipelining}},
 journal = {ACM Transactions on Programming Languages and Systems},
 volume = {19},
 number = {6},
 year = {1997},
 issn = {0164-0925},
 pages = {853--898},
 doi = {http://doi.acm.org/10.1145/267959.269966},
 publisher = {ACM},
 address = {New York, NY, USA},
 }

@inproceedings{muthukumar2001spn,
  title = {{{Software pipelining of nested loops}}},
  author={Muthukumar, K. and Doshi, G.},
booktitle = {CC '01: Proceedings of the 10th International Conference on Compiler Construction},
 year = {2001},
 isbn = {3-540-41861-X},
 pages = {165--181},
 publisher = {Springer-Verlag},
 address = {London, UK},
}

@inproceedings{wang96pdt,
  title = {{{Pipelining-dovetailing: A transformation to enhance software pipelining for nested loops}}},
  author={Wang, J. and Gao, G.},
booktitle = {Proceedings of the 6th International Conference on Compiler Construction (CC '96)},
 year = {1996},
 isbn = {3-540-61053-7},
 pages = {1--17},
 publisher = {Springer-Verlag},
 address = {London, UK},
}

@PhdThesis{rong2001swp,
author = {Hongbo Rong},
title = {{Software Pipelining of Nested Loops}},
school = {Tsinghua University},
year = {2001},
}

@phdthesis{douillet2006ssp,
 author = {Alban Douillet},
 note = {Advisor-Guang Gao and Advisor-Lori Pollock},
 title = {{A compiler framework for loop nest software-pipelining}},
 year = {2006},
 isbn = {978-0-542-71842-7},
 publisher = {University of Delaware},
 address = {Newark, DE, USA},
 }

@inproceedings{douillet2007mtssp,
 author = {Alban Douillet and Guang Gao},
 title = {{Software-Pipelining on Multi-Core Architectures}},
 booktitle = {PACT '07: Proceedings of the 16th International Conference on Parallel Architecture and Compilation Techniques},
 year = {2007},
 isbn = {0-7695-2944-5},
 pages = {39--48},
 doi = {http://dx.doi.org/10.1109/PACT.2007.64},
 publisher = {IEEE Computer Society},
 address = {Washington, DC, USA},
 }


@Article(Bell-LaPadula,
 author = "D.E. Bell and L.J. LaPadula",
 title = {{Secure Computer Systems: Mathematical Foundations}},
 year = "1973",
 journal = "MITRE Corporation, MITRE Technical Report 2547, Volume I",
)

@Article(Biba,
 author = "K.J. Biba",
 title = {{Integrity Considerations for Secure Computer Systems}},
 year = "1976",
 journal = "MITRE Corporation, MITRE-3153",
)

@Article(GuyGao03,
  author = {Guy Tremblay and Christopher J. Morrone and J. Amaral  and Guang Gao},
  title = {{Implementation of the {EARTH} Programming Model on {SMP} Clusters: a Multi-Threaded Language        and Runtime System}},
  journal = {Concurrency and Computation: Practice and Experience},
  year = {2003},
  pages = {Vol. 15, No. 9, Pages: 821-844},
)



@Article(JackB74,
 author = {Jack B. Dennis},
 title = {{First version of a data flow procedure language}},
 journal = {Symposium on Programming},
 pages = {362-376},
 year = {April 9-11, 1974},
)

@Article(JackGao82,
 author = {Jack B Dennis and Guang Gao and Kenneth Wayne Todd},
 title = {{A data flow supercomputer}},
 journal = {Computation Structures Group, MIT Laboratory for Computer Science},
 pages = {},
 year = {1982},
)

@Inproceedings(Matteo98,
 author = {Matteo Frigo and Charles E. Leiserson and Keith H. Randall},
 title = {{The Implementation of the {C}ilk-5 Multithreaded Language}},
 booktitle = {Proceedings of 1998 ACM SIGPLAN Conference on Programming Language
Design and Implementation (PLDI 1998)},
 pages = {}
)






@Article(QiNingPHD93,

 author = {Qi Ning},

 title = {{Register Allocation for Optimal Loop Scheduling}},

 journal = {PhD thesis, McGill, Montreal},

 pages = {},

 year = {1993},

)



@Article(QiGao93,
 author = {Qi Ning and Guang Gao},
 title = {{A Novel Framework of Register Allocation for Software Pipelining}},
 journal = {in Proceedings of the Twentieth Annual ACM SIGPLAN-SIGACT Symposium on
Principles of Programming Languages(POPL1993)},
 pages = {29-24},
 year = {1993},
)





@Article(TheobaldPaul00,

 author = {Kevin B. Theobald and Gagan Agrawal and Rishi Kumar and  Gerd Heber and Guang Gao and Paul Stodghill and Keshav Pingali},

 title = {Landing CG on EARTH: A Case Study of Fine-Grained Multithreading on an
Evolutionary Path},

 journal = {in Proceedings Supercomputing 2000 (SC2000)},

 pages = {},

 year = {2000},

)





@Article(TheobaldPaul00.a,

 author = {Kevin B. Theobald and Rishi Kumar and Gagan Agrawal and Gerd Heber and Ruppa K. Thulasiram and Guang Gao},

 title = {Developing a Communication Intensive Application on the EARTH
Multithreaded Architecture??????? (Distinguished Paper)},

 journal = {in Proceedings of 6th International Euro-Par Conference},

 pages = {},

 year = {2000},

)

@ARTICLE(Arvind89,
 author = "Arvind and R. S. Nikhil and K. K. Pingali",
 title = {{{I}-Structures: Data Structures for Parallel   Computing}},
 journal = "ACM Transactions on Programming Languages and   Systems",
 year = "1989",
 volume = "11",
 number = "4",
 pages = "598--632",
 month =  oct ,
 reffrom = "Barth:Nikhil:Arvind:fplca:1991",
)

@ARTICLE(BurnsG05,
 author = "J. Burns and J-L. Gaudiot",
 title = {{Area and System Clock Effects on {SMT}/{CMP}   Throughput}},
 journal = "IEEE Transactions on Computers",
 year = "2005",
 volume = "54",
 number = "2",
 pages = "141--152",
 bibdate = "2005-07-18",
 bibsource = "DBLP,   http://dblp.uni-trier.de/db/journals/tc/tc54.html#BurnsG05",
 URL = "http://dx.doi.org/10.1109/TC.2005.16",
)

@ARTICLE(CerinGK06,
 author = "C. C{\'e}rin and J-L. Gaudiot and M. Koskas",
 title = {{A Multithreaded Sql Service}},
 journal = "Parallel Processing Letters",
 year = "2006",
 volume = "16",
 number = "2",
 pages = "245--260",
 bibdate = "2007-02-26",
 bibsource = "DBLP,   http://dblp.uni-trier.de/db/journals/ppl/ppl16.html#CerinGK06",
 URL = "http://dx.doi.org/10.1142/S0129626406002605",
)


@ARTICLE(JJLG2000a,
 author = "M. Ayed and J-L. Gaudiot",
 title = {{{An efficient heuristic for code partitioning}}},
 journal = "Parallel Computing",
 year = "2000",
 volume = "26",
 number = "4",
 pages = "399--426",
 month = "March",
 key = "Ayed",
)

@ARTICLE(JJLG2001a,
 author = "I. Attali and D. Caromel and Y-S. Chen and J-L. Gaudiot and A. Wendelborn",
 title = {{{Enhancing Functional and Irregular Parallelism: Stateful Functions and their Semantics}}},
 journal = "International Journal of Parallel Programming",
 year = "2001",
 volume = "29",
 number = "4",
 pages = "443--460",
 key = "Attali",
)

@ARTICLE(JJLG2001b,
 author = "C. C\'{e}rin and J-L. Gaudiot",
 title = {{{Benchmarking Clusters of Workstations through Parallel Sorting and BSP Libraries}}},
 journal = "Parallel Processing Letters",
 year = "2001",
 volume = "11",
 number = "1",
 pages = "25--40",
 month = "March",
 key = "Cerin",
)

@ARTICLE(JJLG2001c,
 author = "J.N. Amaral and W-Y. Lin and J-L. Gaudiot and Gao",
 title = {{{Exploiting Locality in Single Assignment Data Structures Updated Through Split-Phase Transactions}}},
 journal = "International Journal of Cluster Computing, Special Issue on Internet Scalability: Advances in Parallel, Distributed, and Mobile Systems",
 year = "2001",
 volume = "4",
 number = "4",
 key = "Amaral",
)

@ARTICLE(JJLG2002a,
 author = "J. Burns and J-L. Gaudiot",
 title = {{{SMT Layout Overhead and Scalability}}},
 journal = "IEEE Transactions on Parallel and Distributed Processing",
 year = "2002",
 volume = "13",
 number = "2",
 pages = "142--155",
 month = "February",
 key = "Burns",
)

@ARTICLE(JJLG2002b,
 author = "C. C\'{e}rin and J-L. Gaudiot",
 title = {{{On a Scheme for Parallel Sorting on Heterogeneous Clusters}}},
 journal = "Future Generation Computer Systems",
 year = "2002",
 volume = "18",
 number = "3",
 pages = "353--372",
 month = "January",
 key = "Cerin",
)

@ARTICLE(JJLG2003a,
 author = "{A. Cristobal-Salas, A. Tchernykh, J-L. Gaudiot, and W-Y. Lin}",
 title = {{{Non-strict execution in parallel and distributed computing}}},
 journal = "International Journal of Parallel Programming",
 year = "2003",
 volume = "31",
 number = "2",
 pages = "77--105",
 month = "April",
 key = "Cristobal",
)

@ARTICLE(JJLG2003b,
 author = "{C. Shin, S.W. Lee, and J-L. Gaudiot}",
 title = {{{The need for adaptive dynamic thread scheduling in Simultaneous MultiThreading}}},
 journal = "Parallel Processing Letters",
 year = "2003",
 key = "Shin",
)

@ARTICLE(JJLG2004a,
 author = "{J.W. Woo, J-L. Gaudiot, and A. Wendelborn}",
 title = {{{Alias Analysis in Java with Reference-Set Representation for High-Performance Computing}}},
 journal = "International Journal on Parallel Programming",
 year = "2004",
 volume = "32",
 number = "1",
 month = "February",
 key = "Woo",
)

@ARTICLE(JJLG2004b,
 author = "{D.S. Kang and J-L. Gaudiot}",
 title = {{{Speculation-Aware Thread Scheduling for Simultaneous Multithreading}}},
 journal = "IEE Electronics Letters",
 year = "2004",
 volume = "in press",
 key = "Kang",
)

@ARTICLE(JJLG2005a,
 author = "J. Burns and J-L. Gaudiot",
 title = {{{Area and System Clock Effects on SMT/CMP Throughput}}},
 journal = "IEEE Transactions on Computers",
 year = "2005",
 volume = "54",
 number = "1",
 pages = "1--12",
 month = "January",
 key = "Burns",
)

@ARTICLE(KangG06,
 author = "J-Y. Kang and J-L. Gaudiot",
 title = {{A Simple High-Speed Multiplier Design}},
 journal = "IEEE Transactions on Computers",
 year = "2006",
 volume = "55",
 number = "10",
 pages = "1253--1258",
 bibdate = "2006-11-10",
 bibsource = "DBLP,   http://dblp.uni-trier.de/db/journals/tc/tc55.html#KangG06",
 URL = "http://doi.ieeecomputersociety.org/10.1109/TC.2006.156",
)

@ARTICLE(KLG08,
 author = "D. Kang and C. Liu and J-L. Gaudiot",
 title = {{The impact of speculative execution on SMT processors}},
 journal = "International Journal of Parallel Programming",
 year = "2008",
)





@ARTICLE(TMB,
 author = "P.J. Klutke and P. Mattioli and F. Baruffaldi and A.T. and K-H. Englmeier",
 title = {{The Telemedicine Benchmark--a general tool to measure and compare the performance of video conferencing equipment in the telemedicine area}},
 journal = "Computer Methods and Programs in Biomedicine",
 year = "1999",
 volume = "60",
 pages = "133-151",
)

@ARTICLE(TsengG05,
 author = "E. H-Y Tseng and J-L. Gaudiot",
 title = {{Automatic Array Partitioning Based on the Smith Normal Form}},
 journal = "International Journal of Parallel Programming",
 year = "2005",
 volume = "33",
 number = "1",
 pages = "35--56",
 bibdate = "2005-03-18",
 bibsource = "DBLP,   http://dblp.uni-trier.de/db/journals/ijpp/ijpp33.html#TsengG05",
 URL = "http://www.springerlink.com/index/10.1007/s10766-004-1460-2",
)

@ARTICLE(ZhuNG07,
 author = "W. Zhu and Y. Niu and G. Gao",
 title = {{Performance portability on {EARTH}: a case study   across several parallel architectures}},
 journal = "Cluster Computing",
 year = "2007",
 volume = "10",
 number = "2",
 pages = "115--126",
 bibdate = "2007-09-13",
 bibsource = "DBLP,   http://dblp.uni-trier.de/db/journals/cluster/cluster10.html#ZhuNG07",
 URL = "http://dx.doi.org/10.1007/s10586-007-0011-1",
)
@ARTICLE(ZLGR2004,
 author = "A.Y. Yang and J-Q. Lu and R.J. Gutrnann and K. Rose",
 title = {{Wafer-level 3{D} Manufacturing Issues for Streaming Video Processors}},
 journal = "Advanced Semiconductor Manufacturing",
 year = "2004",
 month = "May",
)
@BOOK(Huang03,
 author = "A. Huang",
 title = {{Hacking the Xbox.}},
 publisher = "No Starch Press",
 year = "2003",
 month =  jul ,
 pages = "288",
)

@article(BNWS2004,
 author = "B. Black and D. Nelson and C. Webb and N. Samra",
 title = {{3{D} Processing Technology and Its Impact on i{A32} Microprocessors}},
 journal = "in Proceedings of ICCD 2004",
 year = "2004",
 pages = "316 - 318",
 publisher = "IEEE Computer Society",
 bibdate = "2005-01-04",
 bibsource = "DBLP,   http://dblp.uni-trier.de/db/conf/iccd/iccd2004.html#BlackNWS04",
 ISBN = "0-7695-2231-9",
 URL = "http://csdl.computer.org/comp/proceedings/iccd/2004/2231/00/22310316abs.htm",
)


@INPROCEEDINGS(CJLG2000a,
 author = "J. Burns and J-L. Gaudiot",
 title = {{{Quantifying the SMT layout overhead - Does SMT pull its Weight?}}},
 booktitle = {in Proceedings of the High Performance Computer Architecture Conference},
 year = "2000",
 pages = "109--120",
 address = "Toulouse, France",
 month = "January",
 key = "burns",
)

@INPROCEEDINGS(CJLG2000c,
 author = "W-Y. Lin and J.N. Amaral and J-L. Gaudiot and G. Gao",
 title = {{{Caching Single-Assignment Structures to Build a Robust Fine-Grain Multi-Threading System}}},
 booktitle = {in Proceedings of the International Parallel and Distributed Processing Symposium, IPDPS2000},
 year = "2000",
 pages = "589--594",
 address = "Canc\'{u}n, Mexico",
 month = "May",
 key = "lin",
 date = "1--5",
)

@INPROCEEDINGS(CJLG2000d,
 author = "{C. C\'{e}rin and J-L. Gaudiot}",
 title = {{Evaluation of two BSP libraries through parallel sorting on clusters}},
 booktitle = {in Proceedings of the Second Workshop on Cluster-Based Computing (WCBC)},
 year = "2000",
 address = "Santa Fe, New Mexico",
 month = "May",
 key = "cerin",
)

@INPROCEEDINGS(CJLG2000e,
 author = "J. Woo and J-L. Gaudiot",
 title = {{{Flow-Sensitive Alias Anlysis with Referred-set Representation for Java}}},
 booktitle = {in Proceedings of the Fourth International Conference/Exhibition on High Performance Computing in Asia-Pacific Region (HPC-ASIA)},
 year = "2000",
 month = "May",
 key = "woo",
)

@INPROCEEDINGS(CJLG2000g,
 author = "{S.P. Crago, A.M. Despain, J-L. Gaudiot, M. Makhija, W.W. Ro, and A. Srivastava}",
 title = {{A high-performance, hierarchical decoupled architectur}},
 booktitle = {in Proceedings of the Memory Access DEcoupling for superscalar and multiple issue Architectures (MEDEA) Workshop},
 year = "2000",
 address = "Philadelphia, Pennsylvania",
 month = "October",
 key = "crago",
)

@INPROCEEDINGS(CJLG2000h,
 author = "{A. Bakshi, J-L. Gaudiot, W-Y. Lin, M. Makhija, V.K. Prasanna, W.W. Ro, and C. Shin}",
 title = {{Memory latency: to tolerate or to reduce? (Invited Paper)}},
 booktitle = {in Proceedings of the Simp\'{o}sio Brasileiro deArquitetura de Computadores e Processamento de Alto Desempenho (Twelfth Symposiumon Computer Architecture and High Performance Computing), SBAC-PAD 2000},
 year = "2000",
 address = "S\~{a}o Pedro, Brazil",
 month = "October",
 key =  Bakshi ,
 date = "24-27",
)

@INPROCEEDINGS(CJLG2000i,
 author = "J. Burns and J-L. Gaudiot",
 title = {{{SMT Fetch Bottleneck with Multiple Block Fetch}}},
 booktitle = {in Proceedings of the Workshop on Multi-Threaded Execution, Architecture, and Compilation (MTEAC-4) held in conjunction with the 33rd International Symposium on Microarchitecture (MICRO-33)},
 year = "2000",
 address = "Monterey, California",
 month = "December",
 key = "burns",
)

@INPROCEEDINGS(CJLG2000j,
 author = "C. C\'{e}rin and J-L. Gaudiot",
 title = {{{Parallel Sorting Algorithms with Sampling Techniques on Clusters with Processors Running at different Speeds}}},
 booktitle = {in Proceedings of the 2000 International Conference on High Performance Computing},
 year = "2000",
 address = "Bangalore, India",
 month = "December",
 key = "cerin",
)

@INPROCEEDINGS(CJLG2001a,
 author = "J.W. Woo and I. Attali and D. Caromel and J-L. Gaudiot and A. Wendelborn",
 title = {{{Alias Analysis on Type Inference for Class Hierarchy in Java}}},
 booktitle = {in Proceedings of the 2001 Australasian Computer Science Conference},
 year = "2001",
 pages = "206--214",
 address = "Gold Coast, Australia",
 month = "January",
 key = "woo",
)

@INPROCEEDINGS(CJLG2001b,
 author = "J.W. Woo and I. Attali and D. Caromel and J-L. Gaudiot and A. Wendelborn",
 title = {{{Alias Analysis for Java with Reference-Set Representation}}},
 booktitle = {in Proceedings of the 2001 International Conference on Parallel and Distributed Systems (ICPADS'2001)},
 year = "2001",
 pages = "459--466",
 address = "KyongJu City, Korea",
 month = "June",
 key = "woo",
)

@INPROCEEDINGS(CJLG2001c,
 author = "K.C. Li and L.M. Sato and J-L. Gaudiot",
 title = {{{A Tool for Performance Analysis and Prediction of Parallel Computing on NOW}}},
 booktitle = {in Proceedings of the International Conference on Parallel and Distributed Processing Techniques and Applications},
 year = "2001",
 address = "Las Vegas, Nevada",
 month = "June",
 key = "li",
)

@INPROCEEDINGS(CJLG2001d,
 author = "J. Burns and J-L. Gaudiot",
 title = {{{Area and System Clock Effects on SMT/CMP Processors}}},
 booktitle = {in Proceedings of the International Conference on Parallel Architectures and Compilation Techniques (PACT '01)},
 year = "2001",
 pages = "211--218",
 address = "Barcelona, Spain",
 month = "October",
 key = "burns",
)

@INPROCEEDINGS(CJLG2001e,
 author = "H. El Naga and J-L. Gaudiot",
 title = {{{MCOMA: A Multithreaded COMA Architecture}}},
 booktitle = {in Proceedings of the International Conference on Circuit Design (ICCD '01)},
 year = "2001",
 pages = "523--525",
 address = "Austin, Texas",
 month = "October",
 key = "elnaga",
)

@INPROCEEDINGS(CJLG2002a,
 author = "{J.W. Woo, J. Woo, I. Attali, D. Caromel, J-L. Gaudiot, and A. Wendelborn}",
 title = {{Alias analysis for exceptions in Java}},
 booktitle = {in Proceedings of the TwentyFifth Australasian Computer Science Conference (ACSC), Conferences in Research and Practice in InformationTechnology Series},
 year = "2002",
 volume = "4",
 pages = "321--329",
 address = "Melbourne, Victoria, Australia",
 month = "January",
 key = "woo",
)

@INPROCEEDINGS(CJLG2002b,
 author = "{S. Jenks and J-L. Gaudiot}",
 title = {{An evaluation of thread migration for exploiting distributed array locality}},
 booktitle = {in Proceedings of the Sixteenth Annual International Symposium onHigh Performance Computing Systems and Applications},
 year = "2002",
 pages = "190--195",
 address = "Moncton, New Brunswick",
 month = "June",
 key = "jenks",
)

@INPROCEEDINGS(CJLG2002c,
 author = "{K.C. Li, L.M. Sato, and J-L. Gaudiot}",
 title = {{On exploiting a graph-based approach representation for parallel programs with MPI}},
 booktitle = {in Proceedings of the International Conferenceon Parallel and Distributed Processing Techniques and Applications (PDPTA)},
 year = "2002",
 address = "Las Vegas",
 month = "July",
 key = "li",
)

@INPROCEEDINGS(CJLG2002d,
 author = "{H.M. Oliveira, J.M. Laine, E.T. Midorikawa, L.M. Sato, K.C. Li, and J-L. Gaudiot}",
 title = {{Performance analysis and prediction of some MPI communication primitives}},
 booktitle = {in Proceedings of the International Conference on Parallel and Distributed Processing Tech-niques and Applications (PDPTA)},
 year = "2002",
 address = "Las Vegas",
 month = "July",
 key = "deoliveira",
)

@INPROCEEDINGS(CJLG2002e,
 author = "{C. Shin, S.W. Lee, and J-L. Gaudiot}",
 title = {{The Need for Adaptive Dynamic Thread Scheduling in Simultaneous MultiThreading}},
 booktitle = {in Proceedings of the First Workshop on Hardware/Software Support for Parallel and Distributed Scientific and Engineering Computing (SPDSEC) in conjunction with the International Conference on Parallel Architectures and Compilation Techniques (PACT)},
 year = "2002",
 address = "Charlottesville, Virginia",
 month = "September",
 key = "shin",
)

@INPROCEEDINGS(CJLG2002f,
 author = "{K.C. Li, J-L. Gaudiot, and L.M. Sato}",
 title = {{Performance Measurement and Prediction of Parallel Programs for NOW Environments Using P3MP}},
 booktitle = {in Proceedings of the IASTED International Conference on Networks, Parallel and Distributed Processing, and Applications (NPDPA)},
 year = "2002",
 address = "Tsukuba, Japan",
 month = "October",
 key = "li",
)

@INPROCEEDINGS(CJLG2002g,
 author = "{K.C. Li, J-L. Gaudiot, and L.M. Sato}",
 title = {{Performance prediction methodology for parallel programs with MPI in NOW environments}},
 booktitle = {in Proceedings of the Fourth International Workshop on Distributed Computing, Mobile, and Wireless Computing (IWDC)},
 year = "2002",
 pages = "268--279",
 address = "Kolkata, India",
 month = "December",
 key = "li",
)

@INPROCEEDINGS(CJLG2003a,
 author = "{W.W. Ro and J-L. Gaudiot}",
 title = {{Compiler support for dynamic speculative pre-execution}},
 booktitle = {in Proceedings of the Seventh Annual Workshop on Interaction between Compilers and Computer Architecture (INTERACT-7)},
 year = "2003",
 pages = "14--23",
 address = "Anaheim, California",
 month = "February",
 key = "ro",
)

@INPROCEEDINGS(CJLG2003b,
 author = "{S. Jenks and J-L. Gaudiot}",
 title = {{A multithreaded runtime system with thread migration for distributed memory parallel computing}},
 booktitle = {in Proceedings of of Advanced Simulation Technologies Conference},
 year = "2003",
 address = "Orlando, Florida",
 month = "March",
 key = "jenks",
)

@INPROCEEDINGS(CJLG2003c,
 author = "{W.W. Ro, J-L. Gaudiot, S. Crago, and A. Despain}",
 title = {{HiDISC: A decoupled architecture for data-intensive applications}},
 booktitle = {in Proceedings of the Seventeenth International Parallel and Distributed Processing Symposium (IPDPS)},
 year = "2003",
 month = "April",
 key = "ro",
 date = "22--26",
)

@INPROCEEDINGS(CJLG2003d,
 author = "{C. Shin, S.W. Lee, and J-L. Gaudiot}",
 title = {{Dynamic scheduling issues in SMT architectures}},
 booktitle = {in Proceedings of the Seventeenth International Parallel and Distributed Processing Sym-posium (IPDPS)},
 year = "2003",
 address = "Nice, France",
 month = "April",
 key = "shin",
 date = "22--26",
)



@INPROCEEDINGS(CJLG2003e,
 author = "{H.M. de Oliveira, J.M. Laine, E.T. Midorikawa, L.M. Sato, K.C. Li, and J-L. Gaudiot}",
 title = {{Modelling and predicting point-to-point communication of MPI programs in NOW environments}},
 booktitle = {in Proceedings of the 2003 International Conference on Parallel and Distributed Processing Techniques and Applications (PDPTA)},
 year = "2003",
 address = "Las Vegas, Nevada",
 month = "June",
 key = "deoliveira",
 date = "24--26",
)

@INPROCEEDINGS(CJLG2003f,
 author = "{J-Y. Kang, S. Gupta, S. Shah, and J-L. Gaudiot}",
 title = {{An efficient {PIM (Processor-In-Memory)} architecture for motion estimation}},
 booktitle = {in Proceedings of the Fourteenth International Conference on Application-specific Systems, Architectures and Processors(ASAP)},
 year = "2003",
 pages = "273--283",
 address = "The Hague, The Netherlands",
 month = "June",
 key = "Kang",
 date = "24--26",
)

@INPROCEEDINGS(CJLG2003g,
 author = "{S.W. Lee and J-L. Gaudiot}",
 title = {{Clustered microarchitecture Simultaneous MultiThreading}},
 booktitle = {in Proceedings of Euro-Par 2003 International Conference on Parallel and Distributed Computing},
 year = "2003",
 address = "Klagenfurt, Austria",
 month = "August",
 key = "Lee",
 date = "26--29",
)

@INPROCEEDINGS(CJLG2003h,
 author = "{I. Kim, J-L. Gaudiot, and J. Draper}",
 title = {{Asynchronous Event Handler Spawning using Communication Thread Cache}},
 booktitle = {in Proceedings of the Second Workshop on Application Specific Processors (WASP'03), held in conjunction with the 36th InternationalSymposium on Microarchitecture (MICRO)},
 year = "2003",
 address = "San Diego",
 month = "December",
 key = "Kim",
 date = "2",
)

@INPROCEEDINGS(CJLG2003i,
 author = "{K.C. Li, H.H. Wang, and J-L. Gaudiot}",
 title = {{A Strategy for Point-to-point Node Communication Performance Prediction in Cluster Environments}},
 booktitle = {in Proceedings of the National Computer Symposium (NCS '2003)},
 year = "2003",
 address = "Taiwan",
 month = "December",
 key = "Li",
)

@INPROCEEDINGS(CJLG2004a,
 author = "{W.W. Ro and J-L. Gaudiot}",
 title = {{SPEAR: A Hybrid Model for Speculative Pre-Execution}},
 booktitle = {in Proceedings of the Eighteenth International Parallel and Distributed Processing Symposium (IPDPS 2004)},
 year = "2004",
 address = "Santa Fe, New Mexico",
 month = "April",
 key = "Ro",
 date = "26--30",
)

@INPROCEEDINGS(CJLG2004b,
 author = "{D.S. Kang and J-L. Gaudiot}",
 title = {{Speculation Control for Simultaneous Multithreading}},
 booktitle = {in Proceedings of the Eighteenth International Parallel and Distributed Processing Symposium (IPDPS 2004)},
 year = "2004",
 address = "Santa Fe, New Mexico",
 month = "April",
 key = "Kang",
 date = "26--30",
)

@INPROCEEDINGS(CuvilloZG06,
 author = "J. Cuvillo and W. Zhu and G. Gao",
 title = {{Landing open{MP} on {{C}yclops-64}: an efficient mapping   of open{MP} to a many-core system-on-a-chip}},
 booktitle = {Conf. Computing Frontiers},
 year = "2006",
 pages = "41--50",
 publisher = "ACM",
 bibdate = "2007-06-23",
 bibsource = "DBLP,   http://dblp.uni-trier.de/db/conf/cf/cf2006.html#CuvilloZG06",
 ISBN = "1-59593-302-6",
 URL = "http://doi.acm.org/10.1145/1128022.1128030",
)

@INPROCEEDINGS(CuvilloZHG06,
 author = "J. Cuvillo and W. Zhu and Z. Hu and G. Gao",
 title = {{Toward a Software Infrastructure for the {C}yclops-64   Cellular Architecture}},
 booktitle = {HPCS},
 year = "2006",
 pages = "9",
 publisher = "IEEE Computer Society",
 bibdate = "2007-07-02",
 bibsource = "DBLP,   http://dblp.uni-trier.de/db/conf/hpcs/hpcs2006.html#CuvilloZHG06",
 URL = "http://doi.ieeecomputersociety.org/10.1109/HPCS.2006.48",
)

@INPROCEEDINGS(DouilletRG06,
 author = "A. Douillet and H. Rong and G. Gao",
 title = {{Multi-dimensional Kernel Generation for Loop Nest   Software Pipelining}},
 booktitle = {Euro-Par 2006, Parallel Processing, 12th International   Euro-Par Conference, Dresden, Germany, August 28 -   September 1, 2006, Proceedings},
 year = "2006",
 editor = "Wolfgang E. Nagel and Wolfgang V. Walter and Wolfgang   Lehner",
 volume = "4128",
 series = "Lecture Notes in Computer Science",
 pages = "311--322",
 publisher = "Springer",
 bibdate = "2006-12-05",
 bibsource = "DBLP,   http://dblp.uni-trier.de/db/conf/europar/europar2006.html#DouilletRG06",
 ISBN = "3-540-37783-2",
 URL = "http://dx.doi.org/10.1007/11823285_32",
)

@INPROCEEDINGS(HuCZG06,
 author = "Z. Hu and J. Cuvillo and W. Zhu and G. Gao",
 title = {{Optimization of Dense Matrix Multiplication on {IBM}   {C}yclops-64: Challenges and Experiences}},
 booktitle = {Euro-Par 2006, Parallel Processing, 12th International   Euro-Par Conference, Dresden, Germany, August 28 -   September 1, 2006, Proceedings},
 year = "2006",
 editor = "Wolfgang E. Nagel and Wolfgang V. Walter and Wolfgang   Lehner",
 volume = "4128",
 series = "Lecture Notes in Computer Science",
 pages = "134--144",
 publisher = "Springer",
 bibdate = "2006-12-05",
 bibsource = "DBLP,   http://dblp.uni-trier.de/db/conf/europar/europar2006.html#HuCZG06",
 ISBN = "3-540-37783-2",
 URL = "http://dx.doi.org/10.1007/11823285_14",
)

@INPROCEEDINGS(KangG05,
 author = "J-Y. Kang and J-L. Gaudiot",
 title = {{A Logarithmic Time Method for Two's Complementation}},
 booktitle = {Computational Science - {ICCS} 2005, 5th International   Conference, Atlanta, {GA}, {USA}, May 22-25, 2005,   Proceedings, Part {I}},
 year = "2005",
 editor = "Vaidy S. Sunderam and G. Dick van Albada and Peter M.   A. Sloot and Jack Dongarra",
 volume = "3514",
 series = "Lecture Notes in Computer Science",
 pages = "212--219",
 publisher = "Springer",
 bibdate = "2005-05-09",
 bibsource = "DBLP,   http://dblp.uni-trier.de/db/conf/iccS/iccS2005-1.html#KangG05",
 ISBN = "3-540-26032-3",
 URL = "http://dx.doi.org/10.1007/11428831_27",
)

@INPROCEEDINGS(KangGSG03,
 author = "J-Y. Kang and S. Gupta and S. Shah and J-L. Gaudiot",
 title = {{An Efficient PIM (Processor-In-Memory) Architecture   for Motion Estimation}},
 booktitle = {ASAP},
 year = "2003",
 pages = "282 - 292",
 publisher = "IEEE Computer Society",
 bibdate = "2004-07-29",
 bibsource = "DBLP,   http://dblp.uni-trier.de/db/conf/asap/asap2003.html#KangGSG03",
 ISBN = "0-7695-1992-X",
 URL = "http://csdl.computer.org/comp/proceedings/asap/2003/1992/00/19920282abs.htm",
)

@INPROCEEDINGS(LeePG06,
 author = "S-W. Lee and N. Park and J-L. Gaudiot",
 title = {{Low Power Microprocessor Design for Embedded Systems}},
 booktitle = {Computational Science and Its Applications - {ICCSA}   2006, International Conference, Glasgow, {UK}, May   8-11, 2006, Proceedings, Part {IV}},
 year = "2006",
 editor = "Marina L. Gavrilova and Osvaldo Gervasi and Vipin   Kumar and Chih Jeng Kenneth Tan and David Taniar and   Antonio Lagan{\`a} and Youngsong Mun and Hyunseung   Choo",
 volume = "3983",
 series = "Lecture Notes in Computer Science",
 pages = "622--630",
 publisher = "Springer",
 bibdate = "2006-05-23",
 bibsource = "DBLP,   http://dblp.uni-trier.de/db/conf/iccsa/iccsa2006-4.html#LeePG06",
 ISBN = "3-540-34077-7",
 URL = "http://dx.doi.org/10.1007/11751632_68",
)

@INPROCEEDINGS(LiG06,
 author = "X. Li and J-L. Gaudiot",
 title = {{Design Trade-Offs and Deadlock Prevention in Transient Fault-Tolerant {SMT} Processors}},
 booktitle = {Proceedings of the Pacific Rim International Symposium On Dependable Computing (PRDC)},
 year = "2006",
 pages = "315 - 322",
 publisher = "IEEE Computer Society"
)


@INPROCEEDINGS(LiuG05,
 author = "C. Liu and J-L. Gaudiot",
 title = {{Static Partitioning vs Dynamic Sharing of Resources in   Simultaneous MultiThreading Microarchitectures}},
 booktitle = {Proceedings of the 6th   International Workshop, {APPT} 2005, Hong Kong, China,   October 27-28, 2005, },
 year = "2005",
 editor = "Jiannong Cao and Wolfgang Nejdl and Ming Xu",
 volume = "3756",
 series = "Lecture Notes in Computer Science",
 pages = "81--90",
 publisher = "Springer",
 bibdate = "2005-10-27",
 bibsource = "DBLP,   http://dblp.uni-trier.de/db/conf/appt/appt2005.html#LiuG05",
 ISBN = "3-540-29639-5",
 URL = "http://dx.doi.org/10.1007/11573937_11"
)


@INPROCEEDINGS(LPG06,
 author = "S-W. Lee and N. Park and J-L. Gaudiot",
 title = {{Low Power Microprocessor Design for Embedded Systems}},
 booktitle = {in Proceedings of International Conference on Computational Science and Its Applications},
 year = "2006"
)

@INPROCEEDINGS(PL2006,
 author = "K. Puttaswamy and G.H. Loh",
 title = {{Thermal analysis of a 3{D} die-stacked   high-performance microprocessor}},
 booktitle = {in Proceedings of the 16th {ACM} Great Lakes Symposium on   {VLSI} 2006, Philadelphia, {PA}, {USA}, April 30 - May   1, 2006},
 year = "2006",
 editor = "Gang Qu and Yehea I. Ismail and Narayanan   Vijaykrishnan and Hai Zhou",
 pages = "19--24",
 publisher = "ACM",
 bibdate = "2006-07-13",
 bibsource = "DBLP,   http://dblp.uni-trier.de/db/conf/glvlsi/glvlsi2006.html#PuttaswamyL06",
 ISBN = "1-59593-347-6",
 URL = "http://doi.acm.org/10.1145/1127908.1127915",
)


@INPROCEEDINGS(WuPCCG06,
 author = "H. Wu and E. Park and L. Chen and J. Cuvillo and G. Gao",
 title = {{User-Friendly Methodology for Automatic Exploration of Compiler Options: {A} Case Study on the Intel {XS}cale Microarchitecture}},
 booktitle = {in Proceedings of the International Conference on Software Engineering Research and Practice \& Conference on Programming Languages and Compilers,   {SERP} 2006, Las Vegas, Nevada, {USA}, June 26-29,   2006, Volume 2},
 year = "2006",
 editor = "Hamid R. Arabnia and Hassan Reza",
 pages = "866--872",
 publisher = "CSREA Press",
 bibdate = "2006-11-29",
 bibsource = "DBLP,   http://dblp.uni-trier.de/db/conf/serp/serp2006-2.html#WuPCCG06",
 ISBN = "1-932415-91-2",
)


@INPROCEEDINGS(YiG06,
 author = "K. Yi and J-L. Gaudiot",
 title = {{Features of Future Network Processor Architectures}},
 booktitle = {Proceedings of the John Vincent Atanasoff Symposium},
 year = "2006",
 pages = "69 -76",
 publisher = "IEEE Computer Society",
 bibdate = "2007-01-31",
 bibsource = "DBLP,   http://dblp.uni-trier.de/db/conf/jva/jva2006.html#YiG06",
 URL = "http://doi.ieeecomputersociety.org/10.1109/JVA.2006.19",
)

@INPROCEEDINGS(YiG07,
 author = "K. Yi and J-L. Gaudiot",
 title = {{Architectural Implications of Cache Coherence   Protocols with Network Applications on Chip   MultiProcessors}},
 booktitle = {Network and Parallel Computing, {IFIP} International   Conference, {NPC} 2007, Dalian, China, September 18-21,   2007, Proceedings},
 year = "2007",
 editor = "Keqiu Li and Chris R. Jesshope and Hai Jin and   J-L. Gaudiot",
 volume = "4672",
 series = "Lecture Notes in Computer Science",
 pages = "394--403",
 publisher = "Springer",
 bibdate = "2007-09-20",
 bibsource = "DBLP,   http://dblp.uni-trier.de/db/conf/npc/npc2007.html#YiG07",
 ISBN = "978-3-540-74783-3",
 URL = "http://dx.doi.org/10.1007/978-3-540-74784-0_40",
)

@INPROCEEDINGS(YiG07b,
 author = "K. Yi and J-L. Gaudiot",
 title = {{Architectural Support for Network Applications on   Simultaneous MultiThreading Processors}},
 booktitle = {Proceedings of the International Parallel and Distributed Processing Symposium},
 year = "2007",
 pages = "1--10",
 publisher = "IEEE",
 bibdate = "2007-06-23",
 bibsource = "DBLP,   http://dblp.uni-trier.de/db/conf/ipps/ipdps2007.html#YiG07",
 URL = "http://dx.doi.org/10.1109/IPDPS.2007.370236",
)

@TECHREPORT(BV2006,
 author = "K. Asanovic and R. Bodik and B.C. Catanzaro and J.J. Gebis and P. Husbands and K. Keutzer and D.A. Patterson and W.L. Plishker and J. Shalf and S.W. Williams and K.A. Yelick",
 title = {{The Landscape of Parallel Computing Research: {A} View from Berkeley}},
 institution = "EECS Department, University of California, Berkeley",
 year = "2006",
 number = "UCB/EECS-2006-183",
 month =  dec ,
 added-by = "msteiner",
 URL = "http://www.eecs.berkeley.edu/Pubs/TechRpts/2006/EECS-2006-183.html",
 added-at = "Wed Oct 3 15:55:52 2007",
)


@Article{telemedicine1,
  title = "It's more than just use: An exploration of
   telemedicine use quality",
  author = "C. LeRouge and A.R. Hevner and R.W Collins",
  journal = "Decision Support Systems",
  year =  "2007",
  number = "4",
  volume = "43",
  bibdate = "2007-11-12",
  bibsource = "DBLP,
   http://dblp.uni-trier.de/db/journals/dss/dss43.html#LeRougeHC07",
  pages = "1287--1304",
  URL =   "http://dx.doi.org/10.1016/j.dss.2006.02.007",
}

@Article{telemedicine2,
  title = "Design and Evaluation in eHealth: Challenges and   Implications for an Interdisciplinary Field",
  author = "C. Pagliari",
  publisher = "Gunther Eysenbach, Centre for Global eHealth
   Innovation, Toronto, Canada",
  year =  "2007",
  journal = "J Med Internet Res 2007, 9(2) e15",
}

@Article{telemedicine3,
  title = "Telemedicine trends and challenges: a technology
   management perspective",
  author = "J. Puentes and R. K. Bali and N. Wickramasinghe and R.
   N. G. Naguib",
  publisher = "Inderscience Publishers",
  year =  "2007",
  month = "June",
  volume = "1",
  ISSN =  "1752-6426",
  journal = "Int. J. of Biomedical Engineering and Technology",
  issue = "1",
  pages = "59--72",
}
@Article{telemedicine4,
  title = "Telemedicine Expanding the Scope of Health Care Information",
  author = "D.C. Balch and J.M. Tichenor",
  publisher = "American Medical Informatics Association",
  year =  "2002",
  month = "January",
}


@Article{security2,
  title = "A network security monitor",
  author = "L. T. Heberlein",
  journal = "Ph.D. Thesis, University of California, Davis",
  year =  "2007",
  month = "May",
  annote = "Heberlein, L.T.; Dias, G.V.; Levitt, K.N.; Mukherjee,
   B.; Wood, J.; Wolber, D. (California Univ., Davis, CA
   (USA). Dept. of Electrical Engineering and Computer
   Science)",
  bibsource = "OAI-PMH server at www.osti.gov",
  oai =   "oai:osti.gov:6223037",
  subject = "99 GENERAL AND MISCELLANEOUS//MATHEMATICS, COMPUTING,
   AND INFORMATION SCIENCE; COMPUTER NETWORKS; INTRUSION
   DETECTION SYSTEMS; SECURITY; COMPUTER ARCHITECTURE;
   MONITORING; MONITORS; PERFORMANCE; ALARM SYSTEMS;
   MEASURING INSTRUMENTS",
  URL =   "http://www.osti.gov/servlets/purl/6223037-1FGNP6/",
}
@InProceedings{security3,
  author = "M. Bellare and A. Desai and E. Jokipii and P.
   Rogaway",
  year =  "1997",
  title = "A Concrete Security Treatment of Symmetric Encryption:
   Analysis of the {DES} Modes of Operation",
  booktitle = "in Proceedings of the 38th Symposium on Foundations of
   Computer Science",
  publisher = "IEEE",
}
@InProceedings{3D1,
  title = "Implementing Register Files for High-Performance
   Microprocessors in a Die-Stacked (3{D}) Technology",
  author = "K. Puttaswamy and G.H. Loh",
  publisher = "IEEE Computer Society",
  year =  "2006",
  bibdate = "2007-01-08",
  bibsource = "DBLP,
   http://dblp.uni-trier.de/db/conf/isvlsi/isvlsi2006.html#PuttaswamyL06",
  booktitle = "ISVLSI",
  ISBN =  "0-7695-2533-4",
  pages = "384--392",
  URL =   "http://doi.ieeecomputersociety.org/10.1109/ISVLSI.2006.56",
}
@Article{3D2,
  title = "Designing High-Performance Microprocessors in
   3-Dimensional Integration Technology",
  author = "K. Puttaswamy",
  year =  "2007",
  month = "November",
  journal  =  "Ph.D. Thesis, Georgia Institute of Technology",
  bibsource = "OAI-PMH server at etd.gatech.edu",
  contributor =  "Douglas Yoder and Gabriel H. Loh and Sudhakar
   Yalamanchili and Sung Kyu Lim and Hsien-Hsin S. Lee and
   Milos Prvulovic",
  language = "en",
  oai =   "oai:GTETD:etd-10292007-094645",
  school = "GIT",
  subject = "Electrical and Computer Engineering",
  URL =   "http://etd.gatech.edu/theses/available/etd-10292007-094645/",
}

@InProceedings{3D3,
  title = "Scalability of 3{D}-Integrated Arithmetic Units in
   High-Performance Microprocessors",
  author = "K. Puttaswamy and G.H. Loh",
  publisher = "IEEE",
  year =  "2007",
  bibdate = "2007-06-29",
  bibsource = "DBLP,
   http://dblp.uni-trier.de/db/conf/dac/dac2007.html#PuttaswamyL07",
  booktitle = "DAC",
  pages = "622--625",
  URL =   "http://doi.ieeecomputersociety.org/10.1109/DAC.2007.375238",
}
@Article{3D4,
  title = "Processor Design in 3{D} Die-Stacking Technologies",
  author = "G.H. Loh and Y. Xie and B. Black",
  journal = "IEEE Micro",
  year =  "2007",
  number = "3",
  volume = "27",
  bibdate = "2007-11-08",
  bibsource = "DBLP,
   http://dblp.uni-trier.de/db/journals/micro/micro27.html#LohXB07",
  pages = "31--48",
  URL =   "http://doi.ieeecomputersociety.org/10.1109/MM.2007.59",
}
@Book{HP2006,
  author = "J.L. Hennessy and D.A. Patterson and A. C.
   Arpaci-Dusseau",
  booktitle = "Computer Architecture: A Quantitative Approach",
  title = "Computer Architecture: {A} Quantitative Approach",
  publisher = "Morgan Kaufmann Publishers",
  address = "pub-MORGAN-KAUFMANN:adrbo",
  edition = "Fourth",
  pages = "????",
  year =  "2006",
  ISBN =  "0-12-370490-1 (paperback)",
  isbn-13 = "978-0-12-370490-0 (paperback)",
  LCCN =  "QA76.9.A73 P377 2006",
  bibdate = "Sat Sep 2 10:10:32 MDT 2006",
  bibsource = "z3950.loc.gov:7090/Voyager",
  URL =   "http://www.loc.gov/catdir/toc/ecip0618/2006024358.html;
   http://www.loc.gov/catdir/enhancements/fy0665/2006024358-d.html",
  acknowledgement = "Nelson H. F. Beebe, University of Utah, Department
   of Mathematics, 110 LCB, 155 S 1400 E RM 233, Salt Lake
   City, UT 84112-0090, USA, Tel: +1 801 581 5254, FAX: +1
   801 581 4148, e-mail: \path|beebe@math.utah.edu|,
   \path|beebe@acm.org|, \path|beebe@computer.org|
   (Internet), URL:
   \path|http://www.math.utah.edu/~beebe/|",
  subject = "Computer architecture",
}


@InProceedings{LipastiS96,
  title = "Exceeding the Dataflow Limit via Value Prediction",
  author = "Mikko H. Lipasti and John Paul Shen",
  year =  "1996",
  bibdate = "2006-03-14",
  booktitle = "MICRO",
  pages = "226--237",
  URL =   "http://portal.acm.org/citation.cfm?id=243846.243889",
}

@InProceedings{SazeidesS97,
  title = "The Predictability of Data Values",
  author = "Yiannakis Sazeides and James E. Smith",
  year =  "1997",
  bibdate = "2006-03-14",
  booktitle = "MICRO",
  pages = "248--258",
  URL =   "http://portal.acm.org/citation.cfm?id=266800.266824",
}

@InProceedings{SazeidesVS96,
  title = "The Performance Potential of Data Dependence
   Speculation \& Collapsing",
  author = "Yiannakis Sazeides and Stamatis Vassiliadis and James
   E. Smith",
  year =  "1996",
  bibdate = "2006-03-14",
  booktitle = "MICRO",
  pages = "238--247",
  URL =   "http://portal.acm.org/citation.cfm?id=243846.243890",
}

@InProceedings{SodaniS98,
  title = "Understanding the Differences Between Value Prediction
   and Instruction Reuse",
  author = "Avinash Sodani and Gurindar S. Sohi",
  year =  "1998",
  bibdate = "2006-03-14",
  booktitle = "MICRO",
  pages = "205--215",
  URL =   "http://portal.acm.org/citation.cfm?id=290940.290983",
}

@InProceedings{Oplinger99,
  author = "Jeffrey T. Oplinger and David L. Heine and Monica S.
   Lam",
  title = "In Search of Speculative Thread-Level Parallelism",
  booktitle = "in Proceedings of the 1999 International Conference on
   Parallel Architectures and Compilation Techniques (8th
   PACT'99)",
  pages = "303--313",
  publisher = "IEEE Computer Society",
  address = "Newport Beach, California, USA",
  month = oct,
  year =  "1999",
  keywords = "predication \& speculation, parallelism, SUIF
   parallelizing \& optimizing compiler, speculative
   parallelism,",
  abstract = "PDF.",
}

@InProceedings{Steffan02,
  author = "J. Gregory Steffan and Christopher B. Colohan and
   Antonia Zhai and Todd C. Mowry",
  title = "Improving Value Communication for Thread-Level
   Speculation",
  booktitle = "in Proceedings of the Eighth International Symposium on
   High-Performance Computer Architecture (8th HPCA'02)",
  pages = "65-",
  publisher = "IEEE Computer Society",
  address = "Boston, MA, USA",
  month = feb,
  year =  "2002",
  keywords = "energy \& thermal management,",
}

@InProceedings{Hammond04,
  title = "Transactional Memory Coherence and Consistency",
  author = "Lance Hammond and Vicky Wong and Michael K. Chen and
   Brian D. Carlstrom and John D. Davis and Ben Hertzberg
   and Manohar K. Prabhu and Honggo Wijaya and Christos
   Kozyrakis and Kunle Olukotun",
  publisher = "IEEE Computer Society",
  year =  "2004",
  bibdate = "2005-06-23",
  booktitle = "ISCA",
  ISBN =  "0-7695-2143-6",
  pages = "102--113",
  URL =   "http://csdl.computer.org/comp/proceedings/isca/2004/2143/00/21430102abs.htm",
}

@InProceedings{HerlihyM93,
  title = "Transactional Memory: Architectural Support for
   Lock-Free Data Structures",
  author = "Maurice Herlihy and J. Eliot B. Moss",
  year =  "1993",
  bibdate = "2002-12-18",
  booktitle = "ISCA",
  pages = "289--300",
}

@InProceedings{PIN,
  title = "Pinpointing Representative Portions of Large
   {I}ntel{\textregistered} {I}tanium{\textregistered}
   Programs with Dynamic Instrumentation",
  author = "Harish Patil and Robert S. Cohn and Mark Charney and
   Rajiv Kapoor and Andrew Sun and Anand Karunanidhi",
  publisher = "IEEE Computer Society",
  year =  "2004",
  bibdate = "2005-01-14",
  booktitle = "MICRO",
  ISBN =  "0-7695-2126-6",
  pages = "81--92",
  URL =   "http://doi.ieeecomputersociety.org/10.1109/MICRO.2004.28",
}


@InProceedings{kyueun_yale,
key = "Melvin",
 author    = "S. Melvin and Y. Patt",
 title     = "{Handling of Packet
Depenencies: A critical Issue for Highly Parallel Network
Processors}",
 booktitle = "in Proceedings of International Conference on Compilers,
 Architectures and Synthesis for Embedded Systems",
 year      = 2002,
}

@InProceedings{kyueun_HuanLiu,
key = "Liu",
 author    = "H. Liu",
 title     = {{{A Trace Driven Study of Packet Level Parallelism}}},
 booktitle = {in Proceedings of International Conference on Communications},
 year      = 2002,
}

@InProceedings{kyueun_Chiueh,
key = "Chiueh",
 author    = "T.-C. Chiueh and P. Pradhan",
 title     = {{{Cache Memory Design for Network Processors}}},
 booktitle = {Proceedings of 6th Intl. Symp. on High Performance Computer Architecture},
 year      = 2000,
}

@manual{kyueun_ixp2800,
key = "Intel",
 author    = "Intel",
 title     = {{{Intel IXP2800 Network Processor}}},
}

@article{kyueun_Agere,
key = "Agere",
 author    = "Agere",
 title     = {{{The Challenge for Next Generation Network}}},
 journal = "{http://www.agere.com/telecom/docs/challenge_new.pdf}",
 year      = "2001",
 month     = "April",
}

@Book{kyueun_ibm,
key = "IBM",
  Author = "{IBM}",
  Title =        "The Network Processor: Enabling Technology for High-Performance Networking",
  Publisher =    {IBM Microelectronics},
  year =         {1999},
}

@Book{kyueun_cport,
key = "Cport",
  Author = "{C-Port Corporation}",
  Title =        "C-5 Digital Communications Processor",
  Publisher =    {http://www.cportcorp.com/solutions/docs/c5brief.pdf},
  year =         {1999},
}

@Book{kyueun_unp,
key = "Shah",
  Author = "{N. Shah}",
  Title =        "Understanding Network Processors",
  Publisher =    {Master's thesis, University of California, Berkeley},
  year =         {2001},
}

@Book{kyueun_patterson,
key = "Patterson",
  Author = "{J.L. Hennessy and D.A. Patterson}",
  Title =        "Computer Architecture A Quantitative Approach, 3rd edition",
  Publisher =    {Morgan Kaufmann},
  year =         {2003},
}

@InProceedings{kyueun_tullsen1,
key = "Tullsen",
 author    = "D.M. Tullsen and S.J. Eggers and J.S. Emer,and H.M. Levy",
 title     = {{{Exploiting Choice: Instruction Fetch and Issue on an Implementable Simulataneous Multithreading Processor}}},
 booktitle = {in Proceedings of 23rd Annual International Symposium on Computer Architecture},
 year      = 1996,
}

@InProceedings{kyueun_tullsen2,
key = "Tullsen",
 author    = "D.M. Tullsen and J.L. Lo and S.J. Eggers and H.M. Levy",
 title     = {{{Supporting Fine-Grained Synchronization on a Simultaneous Multithreading Processor}}},
 booktitle = {in Proceedings of the 5th International Symposium on High Performance Computer Architecture},
 year      = 1999,
}

@InProceedings{kyueun_tullsen3,
key = "Tullsen",
 author    = "D.M. Tullsen and J.A. Brown",
 title     = {{{Handling Long-latency Loads in a Simultaneous Multithreading Processor}}},
 booktitle = {in Proceedings of the 34th International Symposium on Microarchitecture},
 year      = 2001,
}

@InProceedings{kyueun_tullsen4,
key = "Lo",
 author    = "J.L. Lo and S.J. Eggers and H.M. Levy and S.S. Parekh and D.M. Tullsen",
 title     = {{{Tuning Compiler Optimizations for Simultaneous Multithreading}}},
 booktitle = {in Proceedings of International Symposium on Microarchitecture},
 year      = "1997",
}

@InProceedings{ kyueun_UngerZehender,
key = "Unger",
 author    = "A. Unger and E. Zehendner and Th. Ungerer",
 title     = {{Compiler Supported Speculative Execution on SMT Processors}},
 booktitle ={in Proceedings of the 5th International Symposium on High-Performance Computer Architecture},
 year      =1999,
}

@InProceedings{ kyueun_hyperthreading,
key = "Makineni",
 author    = "S. Makineni and R. Iyer",
 title     = {{Architectural Characterization of TCP/IP Packet Processing on the Pentium(R) M microprocessor}},
 booktitle ={in Proceedings of the 10th International Symposium on High-Performance Computer Architecture},
 year      =2004,
}
@article(Chen04,
 author = {Fei Chen},
 title = {{Implementing Parallel CG Algorithm on the EARTH Multithreaded Architecture}},
 year = {2004},
 journal = {Master's thesis, University of Delaware},
)


@Article(EARTH95-1,
 author = "H. Hum",
 title = {{A design study of the {EARTH} multiprocessor}},
 year = "1995",
 journal = "in Proceedings of Parallel Architectures and Compilation Techniques",
)


@inProceedings(EARTH96-1,
 author = {H. Hum and X. Tang and Y. Zhu and G. Gao and X. Xue and H. Cai and P. Ouellet},
 title = {{Compiling {C} for the {EARTH} multithreaded architecture}},
 booktitle = {Proceedings of the 1996 Conference on Parallel Architectures and Compilation Techniques},
 year = {Oct 1996},
 pages = {12-23},
 keywords = "C language, parallel architectures, program compilers, EARTH multithreaded architecture, benchmark programs, compiler, compiler support, high-level C programs, irregular locality, irregular parallelism, multithreaded execution model",
 doi = "10.1109/PACT.1996.552551",
 ISSN = "",
)


@article{Arvind1989,
 author = {Arvind and Rishiyur S. Nikhil and Keshav K. Pingali},
 title = {{{I}-structures: data structures for parallel computing}},
 journal = {ACM Transactions on Program. Lang. Syst.},
 volume = {11},
 number = {4},
 year = {1989},
 pages = {598--632},
 publisher = {ACM Press},
 address = {New York, NY, USA},
}


@inproceedings{Barth1991,
    author = "P. S. Barth and R. S. Nikhil and Arvind",
    title = {{{{M-Structures}: Extending a Parallel, Non-Strict, Functional Language with State}}},
    booktitle = {{Proceedings of Conf. on 1991 Functional Programming Languages and Computer Architectures}},
    pages = "538--568",
    year = "1991",
}

@book{SnirOtto98,
 author = {Marc Snir and Steve Otto},
 title = {{MPI-The Complete Reference: The MPI Core}},
 year = {1998},
 isbn = {0262692155},
 publisher = {MIT Press},
 address = {Cambridge, MA, USA},
 }

 @INPROCEEDINGS{Rudolph1984,
  author = {Larry Rudolph and Zary Segall},
  title = {{Dynamic Decentralized Cache Schemes for {MIMD} Parallel Processors}},
  booktitle = {International Symposium on Computer Architecture},
  year = {1984},
  pages = {340--347},
}


@ARTICLE{Mellor-Crummey1991,
  author = {John M. Mellor-Crummey and Michael L. Scott},
  title = {{Algorithms for Scalable Synchronization onShared-Memory Multiprocessors}},
  journal = {ACM Transactions on Computer Systems},
  year = {1991},
  volume = {9},
  pages = {21--65},
  number = {1},
  month = feb,
}


@INPROCEEDINGS{Lim1994,
  author = {Beng-Hong Lim and Anant Agarwal},
  title = {{Reactive synchronization algorithms for multiprocessors}},
  booktitle = {ASPLOS-VI: Proceedings of the sixth international conference on Architectural
 support for programming languages and operating systems},
  year = {1994},
  pages = {25--35},
  address = {New York, NY, USA},
  publisher = {ACM Press},
  doi = {http://doi.acm.org/10.1145/195473.195490},
  isbn = {0-89791-660-3},
  location = {San Jose, California, United States},
}


@ARTICLE{Anderson1990,
  author = {T. Anderson},
  title = {{The Performance of Spin Lock Alternatives for Shared Memory Multiprocessors}},
  journal = {{IEEE} Transactions on Parallel and Distributed Systems},
  year = {1990},
  volume = {1},
  pages = {6--16},
  number = {1},
  month = jan,
}


@ARTICLE{Graunke1990,
  author = {G. Graunke and S. Thakkar},
  title = {{Synchronization algorithms for shared-memory multiprocessors}},
  journal = {IEEE Computer},
  year = {1990},
  volume = {23},
  pages = {60--69},
  month = {June},
  owner = {weirong},
  timestamp = {2005.09.30},
}


@book{ChandraEtAl01,
 author = {Robit Chandra and Leonardo Dagum and Dave Kohr and Dror Maydan and Jeff McDonald and Ramesh Menon},
 title = {{Parallel programming in OpenMP}},
 year = {2001},
 isbn = {1-55860-671-8},
 publisher = {Morgan Kaufmann Publishers Inc.},
 address = {San Francisco, CA, USA},
 }

  
@article{ DagumMenon98,
author = {Leonardo Dagum and Ramesh Menon},
title = {{{OpenMP}: An Industry-Standard API for Shared-Memory Programming}},
journal ={IEEE Computational Science and Engineering},
volume = {5},
number = {1},
issn = {1070-9924},
year = {1998},
pages = {46-55},
doi = {http://doi.ieeecomputersociety.org/10.1109/99.660313},
publisher = {IEEE Computer Society},
address = {Los Alamitos, CA, USA},
}

@INPROCEEDINGS{delCuvilloZhuGao06.2,
  author = {Juan del Cuvillo and Weirong Zhu and Guang Gao},
  title = {{Landing {O}pen{MP} on {C}yclops-64: An Efficient Mapping of {O}pen{MP}}
 to a many-core System-on-a-chip},
}


@article{IBMCell,
  author = {{IBM}},
  journal = {{http://www.research.ibm.com/cell/}},
  title = {{The {CELL} project at {IBM} Research}},
}

@phdthesis{Douillet06,
 author = {Alban Douillet},
 note = {Adviser-Guang Gao and Adviser-Lori Pollock},
 title = {{A compiler framework for loop nest software-pipelining}},
 year = {2006},
 isbn = {978-0-542-71842-7},
 order_no = {AAI3220641},
 publisher = {University of Delaware},
 address = {Newark, DE, USA},
 }

 @inproceedings{CGO2004.1,
 author = {Hongbo Rong and Zhizhong Tang and R. Govindarajan and Alban Douillet and Guang Gao},
 title = {{Single-Dimension Software Pipelining for Multi-Dimensional Loops}},
 booktitle = {Proceedings of the international symposium on Code Generation and Optimization (CGO '04)},
 year = {2004},
 isbn = {0-7695-2102-9},
 pages = {163},
 location = {Palo Alto, California},
 publisher = {IEEE Computer Society},
 address = {Washington, DC, USA},
 }

 @inproceedings{CGO2004.2,
 author = {Hongbo Rong and Alban Douillet and R. Govindarajan and Guang Gao},
 title = {{Code Generation for Single-Dimension Software Pipelining of Multi-Dimensional Loops}},
 booktitle = {CGO '04: Proceedings of the international symposium on Code generation and optimization},
 year = {2004},
 isbn = {0-7695-2102-9},
 pages = {175},
 location = {Palo Alto, California},
 publisher = {IEEE Computer Society},
 address = {Washington, DC, USA},
 }

 @inproceedings{RongPLDI05,
 author = {Hongbo Rong and Alban Douillet and Guang Gao},
 title = {{Register allocation for software pipelined multi-dimensional loops}},
 booktitle = {PLDI '05: Proceedings of the 2005 ACM SIGPLAN conference on Programming language design and implementation},
 year = {2005},
 isbn = {1-59593-056-6},
 pages = {154--167},
 location = {Chicago, IL, USA},
 doi = {http://doi.acm.org/10.1145/1065010.1065030},
 publisher = {ACM},
 address = {New York, NY, USA},
 }

 @article{RongEtAl07,
 author = {Hongbo Rong and Zhizhong Tang and R. Govindarajan and Alban Douillet and Guang Gao},
 title = {{Single-dimension software pipelining for multidimensional loops}},
 journal = {ACM Transactions on Archit. Code Optim.},
 volume = {4},
 number = {1},
 year = {2007},
 issn = {1544-3566},
 pages = {7},
 doi = {http://doi.acm.org/10.1145/1216544.1216550},
 publisher = {ACM},
 address = {New York, NY, USA},
 }

 @inproceedings{DouilletGao07,
 author = {Alban Douillet and Guang Gao},
 title = {{Software-Pipelining on Multi-Core Architectures}},
 booktitle = {PACT '07: Proceedings of the 16th International Conference on Parallel Architecture and Compilation Techniques},
 year = {2007},
 isbn = {0-7695-2944-5},
 pages = {39--48},
 doi = {http://dx.doi.org/10.1109/PACT.2007.64},
 publisher = {IEEE Computer Society},
 address = {Washington, DC, USA},
 }

 @article{RongDouilletGao08,
 author = {Hongbo Rong and Alban Douillet and Guang Gao},
 title = {{Register allocation for software pipelined multidimensional loops}},
 journal = {ACM Transactions on Program. Lang. Syst.},
 volume = {30},
 number = {4},
 year = {2008},
 issn = {0164-0925},
 pages = {1--68},
 doi = {http://doi.acm.org/10.1145/1377492.1377498},
 publisher = {ACM},
 address = {New York, NY, USA},
 }

 @article{RongDouilletGao05,
 author = {Hongbo Rong and Alban Douillet and Guang Gao},
 title = {{Register allocation for software pipelined multi-dimensional loops}},
 journal = {SIGPLAN Not.},
 volume = {40},
 number = {6},
 year = {2005},
 issn = {0362-1340},
 pages = {154--167},
 doi = {http://doi.acm.org/10.1145/1064978.1065030},
 publisher = {ACM},
 address = {New York, NY, USA},
 }



@ARTICLE{ArvindGostelow82,
title = {{The U-Interpreter}},
author={Arvind, A. and Gostelow, K.P.},
journal={Computer},
year={1982},
month={Feb},
volume={15},
number={2},
pages={ 42-49},
doi={},
ISSN={0018-9162}, }


@article{ArvindGostelow78,
 author = { Arvind and Gostelow K. P. and and Plouffe W.},
 title = {{ An asynchronous programming language and computing machine.}},
 journal = {Tech. Rep. l14a, Dept. of Information and Computer Science, Univ. of California, Irvine},
 year = { 1978 },
}

@article{TPLS-98,
 author = {V.C. Sreedhar and G.R. Gao and Y.F. Lee},
 title = {{ A New Framework for Elimination Based Data Flow Analysis Using {DJ}}
           Graphs},
 journal = {ACM Transactions on Programming Languages and Systems},
 volume = {20},
 number = {2},
 year = {1998},
 issn = {},
 pages = {388--453},
 publisher = {},
 address = {},
 }

@ARTICLE(TPLS-97,
 author = {V.C. Sreedhar and G.R. Gao and Y.F. Lee},
 title = {{ Incremental Computation of Dominator Trees}},
 journal = {ACM Transactions on Programming Languages and Systems},
 year = {1997},
 volume = {19},
 number = {2},
 pages = {239--252},
 issn = "",
 publisher = "",
 address = "",
)

@Article{tangphd,
  key = "Tang",
  Author = "X. Tang",
  Title = "Compiling for Multithreaded Architectures",
  journal = "Ph.D. Thesis, University of Delaware",
  School = "University    of Delaware",
  Month = "Apr",
  Year = 1999,
  Address = "Newark, DE",
}

@Article{yangphd2004,
  Author = "Yang Hongbo",
  Title = "Power -aware compilation techniques for high performance processors",
  journal = "Ph.D. Thesis, University of Delaware",
  School = "University    of Delaware",
  Year = 2004,
  Address = "Newark, DE",
}

@inproceedings(weirong3,
 author = {W. Zhu and Y. Niu and G.R. Gao},
 title = {{Performance portability on {EARTH}: a case study across several parallel architectures}},
 booktitle = {Proceedings of the 10th International Parallel and Distributed Processing Symposium},
 year = {4-8 April 2005},
 pages = { 8 pp.-},
 keywords = " application program interfaces, multi-threading, parallel architectures, performance evaluation, workstation clusters API, EARTH model, code portability, multithreaded execution, parallel architectures, parallel program performance portability, runtime system software",
 doi = "10.1109/IPDPS.2005.341",
 ISSN = "",
)

@article(NGS06,
 author = {G.R. Gao and T. Sterling and R. Stevens and M. Hereld and W. Zhu},
 title = {{ Hierarchical Multithreading: Programming Model and System  Software,}},
 year = {2006},
 journal = "Workshop on NSF Next Generation Software Program (NSFNGS'06),  in conjunction with 20th International Parallel and Distributed Processing Symposium (IPDPS2006), Rhodes Island, Greece, April",
)

@article(Greg05,
 author = {G. Pettyjohn and J. Clements and J. Marshall},
 title = {{Continuations from Generalized Stack Inspection}},
 year = {2005},
 journal = "ICFP2005, Tallinn, Estonia",
)

@ARTICLE(John04,
 author = {J. Clements and M. Felleisen},
 title = {{ A Tail-Recursive Machine with Stack Inspection}},
 journal = {ACM Transactions on Programming Languages and Systems},
 year = {2004},
 volume = {26},
 number = {6},
 pages = {1029--1052},
 issn = "",
 publisher = "",
 address = "",
)

@Article(Callahan1,
 author = "G.A. Alverson and R. Alverson and D. Callahan and B. Koblenz and A. Porterfield and B.J. Smith",
 title = {{Exploiting heterogeneous parallelism on a multithreaded multiprocessor}},
 year = "1992",
 journal = "Proceeding of ICS 1992, 188-197",
)

@ARTICLE(AL2000,
 author = "G. Antoniu and L. Boug and P. Hatcher and M. MacBeth and K. McGuigan and R. Namyst",
 title = {{Compiling multithreaded Java bytecode for distributed execution}},
 journal = "in: A. Bode, T. Ludwig, W. Karl, R. Wismuller (Eds.), EuroPar'2000",
 year = "2000",
)

@ARTICLE(GSC95,
 author = "S. Goldstein and D. Culler and K. Erik",
 title = "Lazy Threads, Stacklets, and Synchronizers: Enabling primitives for
          compiling parallel languages",
 journal = "University of California at Berkeley",
 year = "1995",
)

@inproceedings{RothSohi01,
 author = {Amir Roth and Gurindar S. Sohi},
 title = {{Speculative Data-Driven Multithreading}},
 booktitle = {HPCA '01: Proceedings of the 7th International Symposium on High-Performance Computer Architecture},
 year = {2001},
 isbn = {0-7695-1019-1},
 pages = {37},
 publisher = {IEEE Computer Society},
 address = {Washington, DC, USA},
 }

@article{Smith84,
 author = {James E. Smith},
 title = {{Decoupled access/execute computer architectures}},
 journal = {ACM Transactions on Comput. Syst.},
 volume = {2},
 number = {4},
 year = {1984},
 issn = {0734-2071},
 pages = {289--308},
 }

@article{JYK08,
 author = {Jung-Yup Kang and Sandeep Gupta and Jean-Luc Gaudiot},
 title = {{An Efficient Data-Distribution Mechanism in a {P}rocessor-{I}n-{M}emory Architecture Applied to Motion Estimation}},
 journal = {IEEE Transactions on Computers},
 volume = {57},
 number = {3},
 year = {2008},
 }

 @article{SPECJBB,
 title = {{SPEC JBB: Java Business Benchmark}},
 journal = {http://www.specbench.org/jbb2000/},
 }

 @article{Datacenter1,
 author = {Ravi Iyer and Ramesh Illikkal and Li Zhao and Srihari Makineni and Don Newell and Jaideep Moses and Padma Apparao},
 title = {{Datacenter-on-Chip Architectures: Tera-scale Opportunities and Challenges}},
 journal = {Intel Technology Journal},
 volume = {11},
 Year = {2007},
 }

 @article{Datacenter2,
 author = {Samuel K. Moore},
 title = {{Multicore Is Bad News for Supercomputers}},
 journal = {IEEE Spectrum},
 volume = {11},
 Year = {2008},
 }

 @article{Datacenter3,
 title = {{Oracle Application Benchmark}},
 journal = "http://www.oracle.com/apps\_benchmark/index.html",
 }

 @article{Datacenter4,
 title = {{TIA-942 Datacenter Standards Overview}},
 journal = "http://www.oracle.com/apps\_benchmark/index.html"
 }


@ARTICLE(ManzanoEtal07,
 author = {Joseph B. Manzano and Ziang Hu and Yi Jiang and Ge Gan and Hyo-Jung Song and Jung-Gyu Park},
 title = {{Toward an Automatic Code Layout Methodology}},
 journal = {International Workshop On OpenMP (IWOMP)},
 year = {2007},
)

@ARTICLE(AroraRagJha05,
 author = {Divya Arora and Anand Raghunathan and Niraj K. Jha},
 title = {{Enhancing Security Through Hardware-assisted Run-time Validation of Program Data Properties}},
 journal = {International Conference on Hardware-Software Codesign and System Synthesis (CODES+ISSS)},
 year = {2005},
)

@ARTICLE(AroraEtal05,
 author = {Divya Arora and S. Ravi and Anand Raghunathan and Niraj K. Jha},
 title = {{Secure Embedded Processing through Hardware-assisted Run-time Monotoring}},
 journal = {Automation and Test in Europe},
 year = {2005},
)

@ARTICLE(AvijitGupGup04,
 author = {K. Avijit and P. Gupta and D. Gupta},
 title = {{Tools for Runtime Buffer Overflow Protection}},
 journal = {USENIX Security Symp.},
 year = {2004},
)

@Article{GschwinEtal06,
  author =      "Michael Gschwind and H. Peter Hofstee and Brian Flachs and Martin Hopkins and Yukio Watanabe and Takeshi Yamazaki",
  title =       {{Synergistic Processing in Cell's Multicore Architecture}},
  journal =     "IEEE Micro",
  year =        "2006",
  URL =   "http://www.research.ibm.com/people/m/mikeg/papers/2006i\_ieeemicro.pdf",
}

@ARTICLE(BrienEtal08,
 author = "Kevin O'Brien and Kathryn O'Brien and Zehra Sura and Ton Chen and Tao Zhang",
 title = {{Supporting OpenMp on Cell}},
 journal = "International Journal of Parallel Programming",
 pages = "289-311",
 year = "2008",
)

@techreport{Asanovic:EECS-2006-183,
    Author = {Asanovic, Krste and Bodik, Ras and Catanzaro, Bryan Christopher and Gebis, Joseph James and Husbands, Parry and Keutzer, Kurt and Patterson, David A. and Plishker, William Lester and Shalf, John and Williams, Samuel Webb and Yelick, Katherine A.},
    Title = {The Landscape of Parallel Computing Research: A View from {B}erkeley},
    Institution = {EECS Department, University of California, Berkeley},
    Year = {2006},
    Month = {Dec},
    URL = {http://www.eecs.berkeley.edu/Pubs/TechRpts/2006/EECS-2006-183.html},
    Number = {UCB/EECS-2006-183}}

@inproceedings{ bienia08,
  author = {Christian Bienia and Sanjeev Kumar and Jaswinder Pal Singh and Kai Li},
  title = {{The {PARSEC} Benchmark Suite: Characterization and Architectural Implications}},
  booktitle = {Proceedings of the 17th International Conference on Parallel Architectures and Compilation Techniques},
  year      = {2008},
  month     = {October}
}

@article{ SPEC2006,
author = {Rudolf Eigenmann and Siamak Hassanzadeh},
title = {{Benchmarking with Real Industrial Applications: The SPEC High-Performance Group}},
journal ={Computing in Science and Engineering},
volume = {3},
number = {1},
issn = {1070-9924},
year = {1996},
pages = {18-23},
doi = {http://doi.ieeecomputersociety.org/10.1109/99.486757},
publisher = {IEEE Computer Society},
address = {Los Alamitos, CA, USA},
}

@techreport{SPLASH92,
 author = {Singh, Jaswinder P and Weber, Wolf and Gupta, Anoop},
 title = {{{SPLASH}: Stanford {P}aralle{L} {A}pplications for {S}hared-{M}emory}},
 year = {1991},
 source = {http://www.ncstrl.org:8900/ncstrl/servlet/search?formname=detail\&id=oai%3Ancstrlh%3Astan%3ASTAN%2F%2FCSL-TR-91-469},
 publisher = {Stanford University},
 address = {Stanford, CA, USA},
 }

@inproceedings{Dennis97,
 author = {Dennis, J.},
 title = {{A Parallel Program Execution Model Supporting Modular Software Construction}},
 booktitle = {MPPM '97: Proceedings of the Conference on Massively Parallel Programming Models},
 year = {1997},
 isbn = {0-8186-8427-5},
 pages = {50},
 publisher = {IEEE Computer Society},
 address = {Washington, DC, USA},
 }

@article{NajjarLeeGao99,
 author = {Walid A. Najjar and Edward A. Lee and Guang Gao},
 title = {{Advances in the dataflow computational model}},
 journal = {Parallel Comput.},
 volume = {25},
 number = {13-14},
 year = {1999},
 issn = {0167-8191},
 pages = {1907--1929},
 doi = {http://dx.doi.org/10.1016/S0167-8191(99)00070-8},
 publisher = {Elsevier Science Publishers B. V.},
 address = {Amsterdam, The Netherlands, The Netherlands},
 }

@InProceedings{TzenNi91,
  author =       "Ten H. Tzen and Lionel M. Ni",
  title =        "Dynamic Loop Scheduling for Share-Memory
                 Multiprocessors",
  year =         "1991",
  month =        aug,
  volume =       "II, Software",
  booktitle =    "Proceedings of the 1991 International Conference on
                 Parallel Processing",
  publisher =    "CRC Press",
  pages =        "II-247--II-250",
  address =      "Boca Raton, FL",
  keywords =     "task scheduling, concise paper, BBN GP1000 butterfly,
                 trapezoid self-scheduling,",
}

@article{tzen93trapezoid,
    author = "Ten H. Tzen and Lionel M. Ni",
    title = {{Trapezoid Self-Scheduling: {A} Practical Scheduling Scheme for Parallel Compilers}},
    journal = "IEEE Transactions on Parallel and Distributed Systems",
    volume = "4",
    number = "1",
    pages = "87--98",
    year = "1993",
}

@inproceedings{hancock00investigation,
    author = "D. J. Hancock and J. Mark Bull and Rupert W. Ford and T. L. Freeman",
    title = {{An Investigation of Feedback Guided Dynamic Scheduling of Nested Loops}},
    booktitle = {{ICPP} Workshop},
    pages = "315-",
    year = "2000",
}

@article{Banicescu03,
 author="Ioana Banicescu and Vijay Velusamy and Johnny Devaprasad",
 title={{On the Scalability of Dynamic Scheduling Scientific Applications with Adaptive Weighted Factoring}},
 journal={Cluster Computing},
 volume=6,
 issue=3,
 pages={215-226},
 year= 2003,
 month={July}
}

@InProceedings{Ramanujam94,
  Author = "J. Ramanujam",
  Title = "Optimal Software Pipelining of Nested Loops",
  Booktitle = "Proceedings of the 8th International Parallel Processing
 Symposium",
  Pages = "335-342",
  Month = "April",
  Year = 1994,
  Organization = "{IEEE}",
  Address = "Canc{\'u}n, Mexico"
}

@InProceedings{Rau94,
  Author = "B. Ramakrishna Rau",
  Title = "Iterative Modulo Scheduling: An Algorithm For Software Pipelining
 Loops",
  Booktitle = "Proceedings of the 27th Annual International Symposium on
 Microarchitecture",
  Pages = "63-74",
  Month = "November 30--December 2,",
  Year = 1994,
  Address = "San Jose, California"
}

@article{gao97htmt,
  author = "G. Gao and K. Theobald and A. Marquez and T. Sterling",
  title = {{The {HTMT} program execution model}},
  journal = "CAPSL Technical Memo 09",
  month="July",
  url = "ftp://ftp.capsl.udel.edu/pub/doc/memos/",
  year = "1997",
}

@inproceedings{theobaldsuperconducting,
  author = "Kevin B. Theobald and Guang R. Gao and Thomas L. Sterling",
  booktitle = {Frontiers `99: The 7th Symp. on the Frontiers of Massively Parallel Computation},
  title = {{Superconducting Processors for {HTMT}: Issues and Challenges}},
  address = "Annapolis, MD",
  month = "Feb.",
  year = "1999",
  pages = "260--267",
}

@TechReport{JacquetEtAl02,
  Author = "Adeline Jacquet and Vincent Janot and R. Govindarajan and Clement Leung and Guang Gao and Thomas Sterling",
  Title = "Executable Performance Model and Evaluation of High Performance Architectures with Percolation",
  JOURNAL = "CAPSL Technical Memo 55",
  Address = "Newark, DE",
  Number = 43,
  Month = Nov,
  Year = 2002
}



@article{Tile-GxPF,
 title = {{{TILE-Gx Processor Family}}},
 journal = {http://www.tilera.com/products/processors/TILE-Gx\_Family},
 }

 @article{IBMPPPPS,
 title = {{{IBM POWER7: Power your planet with Power Systems}}},
 journal = {http://www-03.ibm.com/systems/power/news/ announcement/20100209\_annc.html},
 }

 @article{Single-chipCC,
 title = {{{Single-chip Cloud Computer}}},
 journal = {http://techresearch.intel.com/articles/Tera-Scale/1826.htm},
 }

 @article{hodaksca07,
  author = "W. Hodak and S. Kumar",
  title = {{{Oracle Database} 11g {Performance and Scalability}}},
  month="November",
  url = "http://crmondemand.oracle.com/technetwork/database/features/performance/db-perfscale-11gr1-twp-129806.pdf",
  year = "2007"
}

@inproceedings{larsonSIGMOD03,
 author = {Larson, Per-\AAke and Goldstein, Jonathan and Zhou, Jingren},
 title = {{Transparent mid-tier database caching in SQL server}},
 booktitle = {SIGMOD '03: Proceedings of the 2003 ACM SIGMOD international conference on Management of data},
 year = {2003},
 isbn = {1-58113-634-X},
 pages = {661--661},
 location = {San Diego, California},
 doi = {http://doi.acm.org/10.1145/872757.872848},
 publisher = {ACM},
 address = {New York, NY, USA},
 }

 @book{goodsonScal,
 author = {Goodson, John and Steward, Robert A.},
 title = {{The Data Access Handbook: Achieving Optimal Database Application Performance and Scalability}},
 year = {2009},
 isbn = {0137143931, 9780137143931},
 publisher = {Prentice Hall PTR},
 address = {Upper Saddle River, NJ, USA},
 }

 @book{delucaSQL,
 author = {DeLuca, Steve Adrien and Reding, Edward Whalen and Garcia, Jamie Marcilina},
 title = {{Microsoft SQL Server 2000 Performance Tuning Technical Reference}},
 year = {2001},
 isbn = {0735612706},
 publisher = {Microsoft Press},
 address = {Redmond, WA, USA},
 }

 @article{dewittACM92,
 author = {DeWitt, David and Gray, Jim},
 title = {{Parallel database systems: the future of high performance database systems}},
 journal = {Commun. ACM},
 volume = {35},
 number = {6},
 year = {1992},
 issn = {0001-0782},
 pages = {85--98},
 doi = {http://doi.acm.org/10.1145/129888.129894},
 publisher = {ACM},
 address = {New York, NY, USA},
 }

 @inproceedings{frigoPLDI98,
 author = {Frigo, Matteo and Leiserson, Charles E. and Randall, Keith H.},
 title = {{The implementation of the Cilk-5 multithreaded language}},
 booktitle = {PLDI '98: Proceedings of the ACM SIGPLAN 1998 conference on Programming language design and implementation},
 year = {1998},
 isbn = {0-89791-987-4},
 pages = {212--223},
 location = {Montreal, Quebec, Canada},
 doi = {http://doi.acm.org/10.1145/277650.277725},
 publisher = {ACM},
 address = {New York, NY, USA},
 }

 @inproceedings{GarciaVenKhaGao10,
  author       = "Elkin Garcia and Ioannis E. Venetis and Rishi Khan and Guang Gao",
  title        = {{{Optimized Dense Matrix Multiplication on a Many-Core Architecture}}},
  booktitle    = {Proceedings of the Sixteenth International Conference on Parallel Computing (Euro-Par 2010), Part II},
  publisher    = {Springer},
  series       = {Lecture Notes in Computer Science},
  volume       = {6272},
  isbn         = {978-3-642-15290-0},
  address      = {Ischia, Italy},
  pages        = {316-327},
  month        = {August},
  year         = {2010},
}

@article{GarciaKhaLivVenGao10,
  author = "Elkin Garcia and Rishi Khan and Kelly Livingston and Ioannis E. Venetis and Guang Gao",
  title = {{Dynamic Percolation - Mapping Dense Matrix Multiplication on a Many-Core Architecture}},
  journal = "CAPSL Technical Memo 98",
  month="June",
  url = "ftp://ftp.capsl.udel.edu/pub/doc/memos/",
  year = "2010",
}

@inproceedings{MHall09,
 author = {Zima, Hans and Hall, Mary and Chen, Chun and Chame, Jaqueline},
 title = {{Model-guided autotuning of high-productivity languages for petascale computing}},
 booktitle = {HPDC '09: Proceedings of the 18th ACM international symposium on High performance distributed computing},
 year = {2009},
 isbn = {978-1-60558-587-1},
 pages = {151--166},
 location = {Garching, Germany},
 doi = {http://doi.acm.org/10.1145/1551609.1551611},
 publisher = {ACM},
 address = {New York, NY, USA},
 }

@article{arnoldi51,
 author = {Arnoldi, W. E.},
 citeulike-article-id = {1593884},
 journal = {Q. Appl. Math},
 keywords = {arnoldi51},
 number = {17},
 pages = {17--29},
 posted-at = {2007-08-26 04:05:19},
 priority = {2},
 title = {{The principle of minimized iterations in the solution of
 the matrix eigenvalue problem}},
 volume = {9},
 year = {1951}
}

@article{Emad05,
author = {Emad, Nahid and Petiton, Serge and Edjlali, Guy},
title = {Multiple Explicitly Restarted Arnoldi Method for Solving
    Large Eigenproblems},
journal = {SIAM J. Sci. Comput.},
issue_date = {2005},
volume = {27},
number = {1},
month = jul,
year = {2005},
issn = {1064-8275},
pages = {253--277},
numpages = {25},
url = {http://dx.doi.org/10.1137/S1064827500366082},
doi = {10.1137/S1064827500366082},
acmid = {1088974},
publisher = {Society for Industrial and Applied Mathematics},
address = {Philadelphia, PA, USA},
keywords = {Arnoldi method, asynchronous communication, explicit
     restarting, heterogeneous environment, large eigenproblem, parallel
         programming},
}

@article{Emad06,
author = {Emad, Nahid and Shahzadeh-Fazeli, S. -A. and Dongarra, Jack},
title = {{An asynchronous algorithm on the NetSolve global computing system}},
journal = {Future Gener. Comput. Syst.},
issue_date = {February 2006},
volume = {22},
number = {3},
month = feb,
year = {2006},
issn = {0167-739X},
pages = {279--290},
numpages = {12},
url = {http://dx.doi.org/10.1016/j.future.2005.10.003},
doi = {10.1016/j.future.2005.10.003},
acmid = {1708448},
publisher = {Elsevier Science Publishers B. V.},
address = {Amsterdam, The Netherlands, The Netherlands},
keywords = {Arnoldi method, Explicit restarting, Global computing,
                  Large eigenproblem, NetSolve},
}


@INPROCEEDINGS{Xli05,
    author = {Arkady Epshteyn and Maria Garzaran and Gerald Dejong and David Padua and Gang Ren and Xiaoming Li and Kamen Yotov and Keshav Pingali},
    title = {{Analytic Models and Empirical Search: A Hybrid Approach to Code Optimization}},
    booktitle = {In Proceedings of the International Workshop on Languages and Compilers for Parallel Computing (LCPC)},
    year = {2005}
}

@article{OrozcoGarGao10,
  author = "Daniel Orozco and Elkin Garcia and Guang Gao",
  title = {{Locality Optimization of Stencil Applications using Data Dependency Graphs}},
  journal = "CAPSL Technical Memo 99",
  month="August",
  url = "ftp://ftp.capsl.udel.edu/pub/doc/memos/",
  year = "2010",
}

@inproceedings{VenetisGao09,
  author       = "Ioannis E. Venetis and Guang R. Gao",
  title        = {{{Mapping the LU Decomposition on a Many-Core Architecture: Challenges and Solutions}}},
  booktitle    = {Proceedings of the 6th ACM Conference on Computing Frontiers (CF '09)},
  address      = {Ischia, Italy},
  pages        = {71--80},
  month        = may,
  year         = {2009},
}

@inproceedings{ChenHuLinGao07,
  author       = "Long Chen and Ziang Hu and Junmin Lin and Guang R. Gao",
  title        = {{{Optimizing the Fast Fourier Transform on a Multi-core Architecture}}},
  booktitle    = {IEEE 2007 International Parallel and Distributed Processing Symposium (IPDPS '07)},
  year         = "2007",
  month        = mar,
  pages        = "1--8",
}


@UNPUBLISHED{TM104,
  author = {Guang Gao and Joshua Suetterlein and Stephane Zuckerman},
  title = {{Toward an Execution Model for Extreme-Scale Systems - Runnemede
 and Beyond}},
  note = {Technical Memo},
  month = {April},
  year = {2011},
  owner = {rspavel},
  timestamp = {2010.12.11}
}

@INPROCEEDINGS{Iannucci1988,
  author = {Iannucci R.A.},
  title = {{Toward a dataflow/von Neumann hybrid architecture}},
  booktitle = {In Conference Proceedings of 15th Annual International Symposium on Computer Architecture},
  year = {1988},
  pages = {131 -140},
  month = {may-2 jun},
  doi = {10.1109/ISCA.1988.5222}
}

@ARTICLE{Najjar99,
  author = {Najjar, Walid A. and Lee, Edward A. and Gao, Guang R.},
  title = {{Advances in the dataflow computational model}},
  journal = {Parallel Comput.},
  year = {1999},
  volume = {25},
  pages = {1907--1929},
  month = {December},
  acmid = {340398},
  address = {Amsterdam, The Netherlands, The Netherlands},
  doi = {http://dx.doi.org/10.1016/S0167-8191(99)00070-8},
  issn = {0167-8191},
  issue = {13-14},
  keywords = {computational models, dataflow, dataflow history, memory models, multithreaded
 computer archtitecture, von Neumann computer},
  numpages = {23},
  publisher = {Elsevier Science Publishers B. V.},
  url = {http://dx.doi.org/10.1016/S0167-8191(99)00070-8}
}

@ARTICLE{DavisKeller1982,
  author = {Davis, A.L. and Keller, R.M.},
  title = {{Data Flow Program Graphs}},
  journal = {Computer},
  year = {1982},
  volume = {15},
  pages = { 26 - 41},
  number = {2},
  month = {feb},
  doi = {10.1109/MC.1982.1653939},
  issn = {0018-9162}
}

@INPROCEEDINGS{Lauderdale2012,
  author = {Christopher Lauderdale and Rishi Khan},
  title = {{Position paper: Toward a codelet-based runtime for exascale computing}},
  booktitle = {Proceedings of the 2nd International Workshop on Adaptive Self-Tuning
 Computing Systems for the Exaflop Era},
  year = {2012},
  series = {EXADAPT '12},
  address = {London, UK},
  publisher = {ACM},
  acmid = {2000421},
  isbn = {978-1-4503-0708-6},
  location = {San Jose, California},
  numpages = {12}
}

@ARTICLE{OrozcoEtAl2011,
  author = {Daniel Orozco and Elkin Garcia and Robert Pavel and Rishi Khan and
 Guang Gao},
  title = {{TIDeFlow: The Time Iterated Dependency Flow Execution Model}},
  journal = {Proceedings of Workshop on Data-Flow Execution Models for Extreme
 Scale Computing (DFM 2011)},
  year = {2011},
  conference = {20th International Conference on Parallel Architectures and Compilation
 Techniques (PACT 2011)}
}

@inproceedings{OrozcoGarPavKhaGao11,
  author       = "Daniel Orozco and Elkin Garcia and Robert Pavel and Rishi Khan and Guang Gao",
  title        = {{{Polytasks: A Compressed Task Representation for HPC Runtimes}}},
  booktitle    = {Proceedings of the 24th International Workshop on Languages and Compilers for Parallel Computing (LCPC 2011)},
  series       = {Lecture Notes in Computer Science},
  volume       = {},
  month        = {September},
  year         = {2011},
  isbn         = {},
  address      = {Fort Collins, CO, USA},
  pages        = {},
  publisher    = {Springer-Verlag},
}

@article{OrozcoGarKhaLivGao12,
  author       = {Daniel Orozco and Elkin Garcia and Rishi Khan and Kelly Livingston and Guang Gao},
  title = {{Toward high-throughput algorithms on many-core architectures}},
  journal      = {ACM Transactions on Architecture and Code Optimization (TACO)},
  issue_date   = {January 2012},
  volume       = {8},
  number       = {4},
  month        = {January},
  year         = {2012},
  issn         = {1544-3566},
  pages        = {49:1--21},
  articleno    = {49},
  numpages     = {21},
  publisher    = {ACM},
  address      = {New York, NY, USA},
}

@inproceedings{GarciaOroGao11,
  author       = "Elkin Garcia and Daniel Orozco and Guang Gao",
  title        = {{{Energy efficient tiling on a Many-Core Architecture}}},
  booktitle    = {Proceedings of 4th Workshop on Programmability Issues for Heterogeneous Multicores (MULTIPROG-2011); 6th International Conference on High-Performance and Embedded Architectures and Compilers (HiPEAC)},
  month        = {January},
  year         = {2011},
  address      = {Heraklion, Greece},
  pages        = {53-66},
}

@inproceedings{YanChaOroGarBudPavGaoSar11,
  author       = "Yonghong Yan and Sanjay Chatterjee and Daniel Orozco and Elkin Garcia and Zoran Budimlic and Robert Pavel and Guang Gao and Vivek Sarkar",
  title        = {{{Hardware and Software Tradeoffs for Task Synchronization Using Phasers on Manycore Architectures}}},
  booktitle    = {Proceedings of the 17th International European Conference on Parallel Computing (Euro-Par 2011), Part II},
  series       = {Lecture Notes in Computer Science},
  volume       = {6853},
  month        = {August},
  year         = {2011},
  isbn         = {978-3-642-23396-8},
  address      = {Bordeaux, France},
  pages        = {112-123},
  publisher    = {Springer-Verlag},
}

@inproceedings{GarciaOroPavGao12,
  author       = "Elkin Garcia and Daniel Orozco and Robert Pavel and Guang Gao",
  title        = {{{A discussion in favor of Dynamic Scheduling for regular applications in Many-core Architectures}}},
  booktitle    = "Proceedings of 2012 Workshop on Multithreaded Architectures and Applications (MTAAP 2012);
        26th IEEE International Parallel \& Distributed Processing Symposium (IPDPS 2012)",
  month        = {May},
  year         = {2012},
  isbn         = {},
  address      = {Shanghai, China},
  pages        = {},
  publisher    = {IEEE},
}

@inproceedings{OrozcoGarPavAyaWanGao12,
  author       = "Daniel Orozco and Elkin Garcia and Robert Pavel and Orlando Ayala and Liang-Ping Wang and Guang Gao",
  title        = {{{Demystifying Performance Predictions of Distributed FFT3D Implementations}}},
  booktitle    = {Proceedings of the 9th IFIP International Conference on Network and Parallel Computing (NPC 2012)},
  month        = {September},
  year         = {2012},
  isbn         = {},
  address      = {Gwangju, Korea},
  pages        = {},
  publisher    = {},
}

@inproceedings{GarciaOroKhaVenLivGao12,
  author       = "Elkin Garcia and Daniel Orozco and Rishi Khan and Ioannis Venetis and Kelly Livingston and Guang Gao",
  title        = {{{Dynamic Percolation: A case of study on the shortcomings of traditional optimization in Many-core Architectures}}},
  booktitle    = {Proceedings of 2012 ACM International Conference on Computer Frontiers (CF 2012)},
  month        = {May},
  year         = {2012},
  isbn         = {},
  address      = {Cagliari, Italy},
  pages        = {},
  publisher    = {ACM},
}

@article{Khailany2001,
  author    = {Brucek Khailany and William J. Dally and Ujval J. Kapasi and Peter R. Mattson and Jinyung Namkoong 
               and John D. Owens and Brian Towles and Andrew Chang and Scott Rixner},
  title = {{Imagine: Media Processing with Streams}},
  journal   = {IEEE Micro},
  volume    = {21},
  number    = {2},
  year      = {2001},
  pages     = {35-46},
  ee        = {http://doi.ieeecomputersociety.org/10.1109/40.918001},
  bibsource = {DBLP, http://dblp.uni-trier.de}
}

@misc{StreamC,
 title = {{StreamC Language Specification}},
 howpublished = "\url{http://graphics.stanford.edu/streamlang/streamc-3-6-00.pdf}"
}

@misc{SISAL,
 title = {{SISAL Parallel Programming}},
 howpublished = "\url{http://sisal.sourceforge.net/}"
}

@INPROCEEDINGS{Thies2001,
 author = {William Thies and Michal Karczmarek and Saman Amarasinghe},
 title = {{StreamIt: A Language for Streaming Applications}},
 booktitle = {In International Conference on Compiler Construction},
 year = {2001},
 pages = {179--196}
}

@phdthesis{Mattson2002,
 author = {Mattson, Peter Raymond},
 advisor = {Dally, William J.},
 title = {{A programming system for the imagine media processor}},
 year = {2002},
 isbn = {0-493-53358-3},
 note = {AAI3040045},
 publisher = {Stanford University},
 address = {Stanford, CA, USA},
}

@inproceedings{Dally2003,
 author = {Dally, William J. and Labonte, Francois and Das, Abhishek and Hanrahan, Patrick and Ahn, Jung-Ho and Gummaraju, Jayanth and Erez, Mattan and Jayasena, Nuwan and Buck, Ian and Knight, Timothy J. and Kapasi, Ujval J.},
 title = {{Merrimac: Supercomputing with Streams}},
 booktitle = {Proceedings of the 2003 ACM/IEEE conference on Supercomputing},
 series = {SC '03},
 year = {2003},
 isbn = {1-58113-695-1},
 pages = {35--},
 url = {http://doi.acm.org/10.1145/1048935.1050187},
 doi = {10.1145/1048935.1050187},
 acmid = {1050187},
 publisher = {ACM},
 address = {New York, NY, USA},
}

@article{Mattson2000,
 author = {Mattson, Peter and Dally, William J. and Rixner, Scott and Kapasi, Ujval J. and Owens, John D.},
 title = {{Communication scheduling}},
 journal = {SIGARCH Comput. Archit. News},
 issue_date = {Dec. 2000},
 volume = {28},
 number = {5},
 month = nov,
 year = {2000},
 issn = {0163-5964},
 pages = {82--92},
 numpages = {11},
 url = {http://doi.acm.org/10.1145/378995.379005},
 doi = {10.1145/378995.379005},
 acmid = {379005},
 publisher = {ACM},
 address = {New York, NY, USA},
} 

@INPROCEEDINGS{Kapasi2001,
 author = {Ujval J. Kapasi and Peter Mattson and William J. Dally and John D. Owens and Brian Towles},
 title = {{Stream Scheduling}},
 booktitle = {in Proceedings of the 3rd Workshop on Media and Streaming Processors},
 year = {2001},
 pages = {82--92}
}

@article{Gordon2002,
 author = {Gordon, Michael I. and Thies, William and Karczmarek, Michal and Lin, Jasper and Meli, Ali S. and Lamb, Andrew A. and Leger, Chris and Wong, Jeremy and Hoffmann, Henry and Maze, David and Amarasinghe, Saman},
 title = {{A stream compiler for communication-exposed architectures}},
 journal = {SIGOPS Oper. Syst. Rev.},
 issue_date = {December 2002},
 volume = {36},
 number = {5},
 month = oct,
 year = {2002},
 issn = {0163-5980},
 pages = {291--303},
 numpages = {13},
 url = {http://doi.acm.org/10.1145/635508.605428},
 doi = {10.1145/635508.605428},
 acmid = {605428},
 publisher = {ACM},
 address = {New York, NY, USA},
}

@article{Gordon2006,
 author = {Gordon, Michael I. and Thies, William and Amarasinghe, Saman},
 title = {{Exploiting coarse-grained task, data, and pipeline parallelism in stream programs}},
 journal = {SIGARCH Comput. Archit. News},
 issue_date = {December 2006},
 volume = {34},
 number = {5},
 month = oct,
 year = {2006},
 issn = {0163-5964},
 pages = {151--162},
 numpages = {12},
 url = {http://doi.acm.org/10.1145/1168919.1168877},
 doi = {10.1145/1168919.1168877},
 acmid = {1168877},
 publisher = {ACM},
 address = {New York, NY, USA},
 keywords = {Raw, StreamIt, coarse-grained dataflow, multicore, software pipelining, streams},
}

@article{Kudlur2008,
 author = {Kudlur, Manjunath and Mahlke, Scott},
 title = {{Orchestrating the execution of stream programs on multicore platforms}},
 journal = {SIGPLAN Not.},
 issue_date = {June 2008},
 volume = {43},
 number = {6},
 month = jun,
 year = {2008},
 issn = {0362-1340},
 pages = {114--124},
 numpages = {11},
 url = {http://doi.acm.org/10.1145/1379022.1375596},
 doi = {10.1145/1379022.1375596},
 acmid = {1375596},
 publisher = {ACM},
 address = {New York, NY, USA},
 keywords = {cell processor, multicore, software pipelining, stream programming, streamit},
}

@inproceedings{Choi2009,
 author = {Choi, Yoonseo and Lin, Yuan and Chong, Nathan and Mahlke, Scott and Mudge, Trevor},
 title = {{Stream Compilation for Real-Time Embedded Multicore Systems}},
 booktitle = {Proceedings of the 7th annual IEEE/ACM International Symposium on Code Generation and Optimization},
 series = {CGO '09},
 year = {2009},
 isbn = {978-0-7695-3576-0},
 pages = {210--220},
 numpages = {11},
 url = {http://dx.doi.org/10.1109/CGO.2009.27},
 doi = {10.1109/CGO.2009.27},
 acmid = {1545071},
 publisher = {IEEE Computer Society},
 address = {Washington, DC, USA},
 keywords = {Multicore, streaming applications},
} 

@inproceedings{Wei2010,
 author = {Wei, Haitao and Yu, Junqing and Yu, Huafei and Gao, Guang R.},
 title = {{Minimizing communication in rate-optimal software pipelining for stream programs}},
 booktitle = {Proceedings of the 8th annual IEEE/ACM international symposium on Code generation and optimization},
 series = {CGO '10},
 year = {2010},
 isbn = {978-1-60558-635-9},
 location = {Toronto, Ontario, Canada},
 pages = {210--217},
 numpages = {8},
 url = {http://doi.acm.org/10.1145/1772954.1772984},
 doi = {10.1145/1772954.1772984},
 acmid = {1772984},
 publisher = {ACM},
 address = {New York, NY, USA},
 keywords = {cell processor, dfbrook, multi-core, software pipelining, stream programs},
} 

@article{Wei2012,
 author = {Haitao Wei and Junqing Yu and Huafei Yu and Mingkang Qin and Guang R. Gao},
 title = {{Software Pipelining for Stream Programs on Resource Constrained Multicore Architectures}},
 journal ={IEEE Transactions on Parallel and Distributed Systems},
 volume = {23},
 number = {12},
 issn = {1045-9219},
 year = {2012},
 pages = {2338-2350},
 doi = {http://doi.ieeecomputersociety.org/10.1109/TPDS.2012.41},
 publisher = {IEEE Computer Society},
 address = {Los Alamitos, CA, USA},
}

@article{Wei2013,
 author = {Haitao Wei and St\'ephane Zuckerman and Guang R. Gao and Weiwei Zhang and Junqing Yu},
 title = {{COStream: A Dataflow Programming Language and Compiler for Multi-Core Architecture}},
 journal ={Proceedings of Data-Flow Models (DFM) for extreme scale computing Workshop 2013 in conjunction with Parallel Architectures and Compilation Technologies (PACT 2013)},
 year = {2013},
 address = {Edinburgh, Scotland},
}

@article{Edward1987,
  author    = {Edward A. Lee and
               David G. Messerschmitt},
  title     = {Static Scheduling of Synchronous Data Flow Programs for
               Digital Signal Processing},
  journal   = {IEEE Trans. Computers},
  volume    = {36},
  number    = {1},
  year      = {1987},
  pages     = {24-35},
  ee        = {http://doi.ieeecomputersociety.org/10.1109/TC.1987.5009446},
  bibsource = {DBLP, http://dblp.uni-trier.de}
}

@article{Edward1999,
  author    = {Shuvra S. Bhattacharyya and
               Praveen K. Murthy and
               Edward A. Lee},
  title     = {Synthesis of Embedded Software from Synchronous Dataflow
               Specifications},
  journal   = {VLSI Signal Processing},
  volume    = {21},
  number    = {2},
  year      = {1999},
  pages     = {151-166},
  ee        = {http://dx.doi.org/10.1023/A:1008052406396},
  bibsource = {DBLP, http://dblp.uni-trier.de}
}



@INPROCEEDINGS{Gao1992,
 author = {S G. Gao and R. Govindarajan and P. Panangaden},
 title = {{Well-Behaved Dataflow Programs for DSP Computation}},
 booktitle = {ICASSP-92: IEEE International Conference on Acoustics, Speech, and Signal Processing},
 year = {1992},
 pages = {561?564}
}

@INPROCEEDINGS{Gov1994,
 author = {R. Govindarajan and G. Gao and P. Desai},
 title = {{Minimizing Memory Re-quirements in Rate-optimal Schedules}},
 booktitle = {In ASAP '94: Proceedings of the 1994 International Conference on Application Specific Array Processors},
 year = {1994},
 pages = {75-86}
}

@INPROCEEDINGS{Zuckerman2011,
 author = {S. Zuckerman and J. Suetterlein and R. Knauerhase and G. R. Gao},
 title = {{Using a ?codelet? program execution model for exascale machines}},
 booktitle = {In Proceedings of the 1st International Workshop on Adaptive Self-Tuning Computing Systems for the Exaflop Era, EXADAPT ?11},
 year = {2011},
 pages = {64?69}
}

@incollection{SuetterleinZucGao13,
    author={Suetterlein, Joshua and Zuckerman, St\'ephane and Gao, Guang R.},
    title = {{An Implementation of the Codelet Model}},
    booktitle = {Euro-Par 2013 Parallel Processing},
    series={Lecture Notes in Computer Science},
    editor={Wolf, Felix and Mohr, Bernd and an Mey, Dieter},
    publisher={Springer Berlin Heidelberg},
    year={2013},
    month={august}
}


@inproceedings{GaoHM1991,
  author    = {Guang R. Gao and
               Herbert H. J. Hum and
               Jean-Marc Monti},
  title = {{Towards an Efficient Hybrid Dataflow Architecture Model}},
  booktitle = {PARLE (1)},
  year      = {1991},
  pages     = {355-371},
  ee        = {http://dx.doi.org/10.1007/BFb0035115},
  bibsource = {DBLP, http://dblp.uni-trier.de}
}
@article{NajjarLG99,
  author    = {Walid A. Najjar and
               Edward A. Lee and
               Guang R. Gao},
  title = {{Advances in the dataflow computational model}},
  journal   = {Parallel Computing},
  volume    = {25},
  number    = {13-14},
  year      = {1999},
  pages     = {1907-1929},
  ee        = {http://dx.doi.org/10.1016/S0167-8191(99)00070-8},
  bibsource = {DBLP, http://dblp.uni-trier.de}
}
@inproceedings{Orozco11,
  author = {Orozco, Daniel A.},
  tile = {Tideflow: The time iterated de- pendency flow execution model},
  booktitle = {Proceedings of Workshop on Data-Flow Execution Models for Extreme Scale Computing (DFM 2011)},
  editor = {Rauchwerger, Lawrence and Sarkar, Vivek},
  ee = {http://doi.ieeecomputersociety.org/10.1109/PACT.2011.44},
  publisher = {IEEE Computer Society},
  }
@inproceedings{Kaiser2009,
  author = {H. Kaiser and M. Brodowicz and T. Sterling},
  tile = {Parallex an advanced parallel execution model for scaling-impaired applications},
  booktitle = {In Parallel Processing Workshops, 2009. ICPPW ?09.},
  year = {2009},
  pages = {394-401}
  }
@inproceedings{GummarajuCTR08,
  author    = {Jayanth Gummaraju and
               Joel Coburn and
               Yoshio Turner and
               Mendel Rosenblum},
  title     = {Streamware: programming general-purpose multicore processors
               using streams},
  booktitle = {ASPLOS},
  year      = {2008},
  pages     = {297-307},
  ee        = {http://doi.acm.org/10.1145/1346281.1346319},
  bibsource = {DBLP, http://dblp.uni-trier.de}
}
@inproceedings{LiaoDWL06,
  author    = {Shih-Wei Liao and
               Zhaohui Du and
               Gansha Wu and
               Guei-Yuan Lueh},
  title     = {Data and Computation Transformations for Brook Streaming
               Applications on Multiprocessors},
  booktitle = {CGO},
  year      = {2006},
  pages     = {196-207},
  ee        = {http://doi.ieeecomputersociety.org/10.1109/CGO.2006.13},
  bibsource = {DBLP, http://dblp.uni-trier.de}
}
@inproceedings{DasDM06,
  title = {{Compiling for stream processing}},
  author = {Abhishek Das and William J. Dally and Peter R. Mattson},
  year = {2006},
  doi = {http://doi.acm.org/10.1145/1152154.1152164},
  tags = {compiler, stream processing},
  researchr = {http://dutieq.st.ewi.tudelft.nl/publication/DasDM06},
  cites = {0},
  citedby = {0},
  pages = {33-42},
  booktitle = {15th International Conference on Parallel Architecture and Compilation Techniques (PACT 2006), Seattle, Washington, USA, September 16-20, 2006},
  editor = {Erik R. Altman and Kevin Skadron and Benjamin G. Zorn},
  publisher = {ACM},
  isbn = {1-59593-264-X},
}

@inproceedings{LambTA03,
  author    = {Andrew A. Lamb and
               William Thies and
               Saman P. Amarasinghe},
  title = {{Linear analysis and optimization of stream programs}},
  booktitle = {PLDI},
  year      = {2003},
  pages     = {12-25},
  ee        = {http://doi.acm.org/10.1145/781131.781134},
  bibsource = {DBLP, http://dblp.uni-trier.de}
}

@inproceedings{Udupa2009,
 author = {Udupa, Abhishek and Govindarajan, R. and Thazhuthaveetil, Matthew J.},
 title = {{Software Pipelined Execution of Stream Programs on GPUs}},
 booktitle = {Proceedings of the 7th annual IEEE/ACM International Symposium on Code Generation and Optimization},
 series = {CGO '09},
 year = {2009},
 isbn = {978-0-7695-3576-0},
 pages = {200--209},
 numpages = {10},
 url = {http://dx.doi.org/10.1109/CGO.2009.20},
 doi = {10.1109/CGO.2009.20},
 acmid = {1545070},
 publisher = {IEEE Computer Society},
 address = {Washington, DC, USA},
 keywords = {CUDA, GPU Programming, Software Pipelining, Stream Programming},
} 
@inproceedings{Aiken1990,
 author = {Aiken, Alexander and Nicolau, Alexander},
 title = {{Fine-grain parallelization and the wavefront method}},
 booktitle = {Selected papers of the second workshop on Languages and compilers for parallel computing},
 year = {1990},
 location = {Urbana, Illinois, USA},
 pages = {1--16},
 numpages = {16},
 url = {http://dl.acm.org/citation.cfm?id=92402.92404},
 acmid = {92404},
 publisher = {Pitman Publishing},
 address = {London, UK, UK}
} 
@inproceedings{Huff1993,
 author = {Huff, Richard A.},
 title = {{Lifetime-sensitive modulo scheduling}},
 booktitle = {Proceedings of the ACM SIGPLAN 1993 conference on Programming language design and implementation},
 series = {PLDI '93},
 year = {1993},
 isbn = {0-89791-598-4},
 location = {Albuquerque, New Mexico, USA},
 pages = {258--267},
 numpages = {10},
 url = {http://doi.acm.org/10.1145/155090.155115},
 doi = {10.1145/155090.155115},
 acmid = {155115},
 publisher = {ACM},
 address = {New York, NY, USA},
} 
@inproceedings{Lam1982,
 author = {Lam, M.},
 title = {{Software pipelining: an effective scheduling technique for VLIW machines}},
 booktitle = {Proceedings of the ACM SIGPLAN 1988 conference on Programming Language design and Implementation},
 series = {PLDI '88},
 year = {1988},
 isbn = {0-89791-269-1},
 location = {Atlanta, Georgia, USA},
 pages = {318--328},
 numpages = {11},
 url = {http://doi.acm.org/10.1145/53990.54022},
 doi = {10.1145/53990.54022},
 acmid = {54022},
 publisher = {ACM},
 address = {New York, NY, USA},
}
@inproceedings{Muthukumar2001,
 author = {Muthukumar, Kalyan and Doshi, Gautam},
 title = {{Software Pipelining of Nested Loops}},
 booktitle = {Proceedings of the 10th International Conference on Compiler Construction},
 series = {CC '01},
 year = {2001},
 isbn = {3-540-41861-X},
 pages = {165--181},
 numpages = {17},
 url = {http://dl.acm.org/citation.cfm?id=647477.727775},
 acmid = {727775},
 publisher = {Springer-Verlag},
 address = {London, UK, UK},
} 
@inproceedings{Ramanujam1994,
 author = {Ramanujam, J.},
 title = {{Optimal Software Pipelining of Nested Loops}},
 booktitle = {Proceedings of the 8th International Symposium on Parallel Processing},
 year = {1994},
 isbn = {0-8186-5602-6},
 pages = {335--342},
 numpages = {8},
 url = {http://dl.acm.org/citation.cfm?id=645604.662584},
 acmid = {662584},
 publisher = {IEEE Computer Society},
 address = {Washington, DC, USA},
} 
@inproceedings{Rau1994,
 author = {Rau, B. Ramakrishna},
 title = {{Iterative modulo scheduling: an algorithm for software pipelining loops}},
 booktitle = {Proceedings of the 27th annual international symposium on Microarchitecture},
 series = {MICRO 27},
 year = {1994},
 isbn = {0-89791-707-3},
 location = {San Jose, California, USA},
 pages = {63--74},
 numpages = {12},
 url = {http://doi.acm.org/10.1145/192724.192731},
 doi = {10.1145/192724.192731},
 acmid = {192731},
 publisher = {ACM},
 address = {New York, NY, USA},
 keywords = {instruction scheduling, loop scheduling, modulo scheduling, software pipelining},
} 
@incollection{Rau2000,
 author = {Rau, B. Ramakrishna and Fisher, Joseph A.},
 chapter = {Instruction-level parallel processing: history, overview, and perspective},
 title = {{Readings in computer architecture}},
 editor = {Hill, Mark D. and Jouppi, Norman P. and Sohi, Gurindar S.},
 year = {2000},
 isbn = {1-55860-539-8},
 pages = {288--308},
 numpages = {21},
 url = {http://dl.acm.org/citation.cfm?id=333067.333194},
 acmid = {333194},
 publisher = {Morgan Kaufmann Publishers Inc.},
 address = {San Francisco, CA, USA},
} 
@inproceedings{Wang1996,
 author = {Wang, Jian and Gao, Guang R.},
 title = {{Pipelining-Dovetailing: A Transformation to Enhance Software Pipelining for Nested Loops}},
 booktitle = {Proceedings of the 6th International Conference on Compiler Construction},
 series = {CC '96},
 year = {1996},
 isbn = {3-540-61053-7},
 pages = {1--17},
 numpages = {17},
 url = {http://dl.acm.org/citation.cfm?id=647473.727447},
 acmid = {727447},
 publisher = {Springer-Verlag},
 address = {London, UK, UK},
} 
@article{GaoMaxima86,
  author = {Gao, Guang R.},
  ee = {http://dx.doi.org/10.1016/0743-7315(86)90005-5},
  journal = {J. Parallel Distrib. Comput.},
  keywords = {dblp},
  number = 2,
  pages = {215-235},
  title = {{A Maximally Pipelined Tridiagonal Linear Equation Solver.}},
  url = {http://dblp.uni-trier.de/db/journals/jpdc/jpdc3.html#Gao86},
  volume = 3,
  year = 1986
}
@inproceedings{NingG92,
  author    = {Qi Ning and
               Guang R. Gao},
  title     = {Minimizing Loop Storage Allocation for An Argument-Fetching
               Dataflow Architecture Model},
  booktitle = {PARLE},
  year      = {1992},
  pages     = {585-600},
  ee        = {http://dx.doi.org/10.1007/3-540-55599-4_112},
  bibsource = {DBLP, http://dblp.uni-trier.de}
}

@INPROCEEDINGS{RongCGO04, 
author={H. Rong and Zhizhong Tang and R. Govindarajan and A. Douillet and G. R. Gao}, 
booktitle={International Symposium on Code Generation and Optimization, 2004. CGO 2004.}, 
title={Single-dimension software pipelining for multi-dimensional loops}, 
year={2004}, 
volume={}, 
number={}, 
pages={163-174}, 
keywords={parallel programming;pipeline processing;processor scheduling;program control structures;IA-64 architecture;data-dependence graph;modulo scheduling methods;multidimensional loops;nested loops;simple mapping function;single-dimension software pipelining;Automation;Computer architecture;Computer science;Hardware;Parallel processing;Pipeline processing;Processor scheduling;Software performance;Supercomputers;VLIW}, 
doi={10.1109/CGO.2004.1281672}, 
ISSN={}, 
month={March},}

@inproceedings{RongDGG04,
  author    = {Hongbo Rong and
               Alban Douillet and
               Ramaswamy Govindarajan and
               Guang R. Gao},
  title     = {Code Generation for Single-Dimension Software Pipelining
               of Multi-Dimensional Loops},
  booktitle = {CGO},
  year      = {2004},
  pages     = {175-188},
  ee        = {http://doi.ieeecomputersociety.org/10.1109/CGO.2004.1281673},
  bibsource = {DBLP, http://dblp.uni-trier.de}
}

@article{RongDG08,
  author    = {Hongbo Rong and
               Alban Douillet and
               Guang R. Gao},
  title     = {Register allocation for software pipelined multidimensional
               loops},
  journal   = {ACM Trans. Program. Lang. Syst.},
  volume    = {30},
  number    = {4},
  year      = {2008},
  ee        = {http://doi.acm.org/10.1145/1377492.1377498},
  bibsource = {DBLP, http://dblp.uni-trier.de}
}

@ARTICLE{Chandy1979,
 author = {Chandy, K.M. and Misra, J.},
 title = {Distributed Simulation: A Case Study in Design and Verification of
  Distributed Programs},
 journal = {Software Engineering, IEEE Transactions on},
 year = {1979},
 volume = {SE-5},
 pages = { 440 - 452},
 number = {5},
 month = {sept.},
 doi = {10.1109/TSE.1979.230182},
 issn = {0098-5589},
 keywords = { Concurrent processes; distributed systems; performance; program proving;
     simulation;},
 owner = {rspavel},
 timestamp = {2011.12.07}
}

@UNPUBLISHED{CAPSL2011,
 author = {Jack B. Dennis and Robert Pavel and Guang R. Gao},
 title = {{{Comparative Evaluation of Alternative Program Execution Models}}},
 note = {Technical Memo},
 month = {September},
 year = {2011},
 owner = {rspavel},
 timestamp = {2010.12.11}
}

@TECHREPORT{Bryant1977,
 author = {Bryant, R. E.},
 title = {{SIMULATION OF PACKET COMMUNICATION ARCHITECTURE COMPUTER SYSTEMS}},        
 year = {1977},
 address = {Cambridge, MA, USA},
 owner = {rspavel},
 publisher = {Massachusetts Institute of Technology},
 source = {http://www.ncstrl.org:8900/ncstrl/servlet/search?formname=detail\&id=oai%3Ancstrlh%3Amitai%3AMIT-LCS%2F%2FMIT%2FLCS%2FTR-188},
 timestamp = {2011.11.30}
}

@inproceedings{FeoEldorado05,
 author = {Feo, John and Harper, David and Kahan, Simon and Konecny, Petr},
 title = {{ELDORADO}},
 booktitle = {Proceedings of the 2nd conference on Computing frontiers},
 series = {CF '05},
 year = {2005},
 isbn = {1-59593-019-1},
 location = {Ischia, Italy},
 pages = {28--34},
 numpages = {7},
 url = {http://doi.acm.org/10.1145/1062261.1062268},
 doi = {10.1145/1062261.1062268},
 acmid = {1062268},
 publisher = {ACM},
 address = {New York, NY, USA},
 keywords = {heterogeneous architectures, multithreaded architectures, multithreaded processing, performance studies},
}

@Article(VP1,
  author = "Y. Sazeides and J.E. Smith",
  title = "Limits of Data Value Predictability",
  journal = "International Journal of Parallel Programming (IJPP)",
  volume = "27",
  number = "4",
  pages = "229--256",
  month = aug,
  year =  "1999",
  keywords = "PREDICTION - VALUE PREDICTION - CONTEXT-BASED
   PREDICTION - STRIDE PREDICTION - LAST VALUE
   PREDICTION,",
)
@InProceedings(VP2,
  title = {{Value Locality and Load Value Prediction}},
  author = "M.H. Lipasti and C.B. Wilkerson and J.P. Shen",
  year = "1996",
  booktitle = "International Conference on Architectural Support for
Programming Languages and Operating Systems",
)

@InProceedings{VP3,
  title = "The Performance Potential of Value and Dependence
   Prediction",
  author = "M.H. Lipasti and J.P. Shen",
  bibdate = "2002-08-26",
  bibsource = "DBLP,
   http://dblp.uni-trier.de/db/conf/europar/europar97.html#LipastiS97",
  booktitle = "Euro-Par '97 Parallel Processing, Third International
   Euro-Par Conference, Passau, Germany, August 26-29,
   1997, Proceedings",
  publisher = "Springer",
  year =  "1997",
  volume = "1300",
  editor = "Christian Lengauer and Martin Griebl and Sergei
   Gorlatch",
  ISBN =  "3-540-63440-1",
  pages = "1043--1052",
  series = "Lecture Notes in Computer Science",
}
@techreport{VP4,
    Author = {G. S. Sohi and A. I. Moshovos and S. E.
Breach and T. N. Vijaykumar},
    Title = {A Dynamic Approach to Improve the Accuracy of Data
Speculation},
    Institution = {Computer Sciences Department University of
Wisconsin-Madison Technical Report},
    Year = {1996},
  journal  = "",
  URL =  "http://citeseer.ist.psu.edu/169698.html"
}


@InProceedings{VP5,
  author = "A. Moshovos and S. E. Breach and T. N.
   Vijaykumar and G.S. Sohi",
  title = "Dynamic Speculation and Synchronization of Data
   Dependences",
  booktitle = "Proceedings of the 24th Annual International Symposium on
   Computer Architecture",
  year =  "1997",
  pages = "181--193",
  annote = "Shows that blindly speculating on the independence of
   memory accesses can hurt performance and proposes a
   solution for the problem.",
}

@inproceedings(WLJG06a,
 author = "Haiping Wu and L. Chen and J. Manzano and G. Gao",
 title = "A User-Friendly Methodology for Automatic Exploration of Compiler
         Options",
 booktitle = "Proceedings of the 2006 International Conference on
           Programming Languages and Compilers (PLC '06)",
 year = "2006"
)


@inproceedings(WLJG06c,
    author = "Haiping Wu and Eunjung Park and Long Chen and Juan del Cuvillo and Guang R. Gao",
    title = "User-Friendly Methodology for Automatic Exploration of Compiler Options:
    A Case Study on the {I}ntel {XS}cale Microarchitecture",
    booktitle = {Software Engineering Research and Practice},
    pages     = {866-872},
    year = "2006"
)

@ARTICLE(CCG05,
 author = "A. Crist{\'o}bal-Salas and A. Chernykh and E. Rodr{\'i}guez-Alcantar and J-L.  Gaudiot",
 title = {{Exploiting Single-Assignment Properties to Optimize Message-Passing Programs by Code Transformation}},
 journal = "Lecture Notes in Computer Science, 16th International Workshop of Implementation and Application of Functional Languages",
 year = "2005"
)

@inproceedings(DennisGao88,
 author = {J.B. Dennis and G. Gao},
 title = {{An efficient pipelined dataflow processor architecture}},
 booktitle = {Proceedings of Supercomputing '88. [Vol.1]},
 year = {14-18 Nov 1988},
 pages = {368-373},
 keywords = "computer architecture, pipeline processingargument-fetch,
data-flowinstruction scheduling unit, enabled instructions, pipelined dataflow
processorarchitecture, pipelined instruction processing unit, processing
element",
 doi = "10.1109/SUPERC.1988.44674",
 ISSN = "",
)

@Article(JackDavid74,
 author = {Jack B. Dennis and David Misunas},
 title = {{A Preliminary Architecture for a Basic Data Flow Processor}},
 journal = { in Proceedings of the 2nd Annual Symposium on Computer Architecture
(ISCA1974)},
 pages = {126-132},
 year = {December, 1974},
)

@book{Gao90,
 author = {Gao, Guang},
 title = {{A  Code Mapping Scheme for Dataflow Software Pipelining}},
 year = {1990},
 isbn = {0792391306},
 publisher = {Kluwer Academic Publishers},
 address = {Norwell, MA, USA},
}

@Article(GaoPH86,

 author = {Guang Gao},

 title = {{A Pipelined Code Mapping Scheme for Static Data Flow Computers}},

 journal = {PhD thesis, MIT Laboratory for Computer Science},

 pages = {},

 year = {1986},

)

@ARTICLE(GaudiotKR05,
 author = "J-L. Gaudiot and J-Y Kang and W.W. Ro",
 title = {{Techniques to Improve Performance Beyond Pipelining: Superpipelining, Superscalar, and {VLIW}}},
 journal = "Advances in Computers",
 year = "2005",
 volume = "63",
 pages = "2--35",
 bibdate = "2007-02-01",
 bibsource = "DBLP, http://dblp.uni-trier.de/db/journals/ac/ac63.html#GaudiotKR05",
)

@ARTICLE(LeeG06,
 author = "S-W. Lee and J-L. Gaudiot",
 title = {{Throttling-Based Resource Management in High   Performance Multithreaded Architectures}},
 journal = "IEEE Transactions on Computers",
 year = "2006",
 volume = "55",
 number = "9",
 pages = "1142--1152",
 bibdate = "2006-11-10",
 bibsource = "DBLP,   http://dblp.uni-trier.de/db/journals/tc/tc55.html#LeeG06",
 URL = "http://doi.ieeecomputersociety.org/10.1109/TC.2006.154",
)

@ARTICLE(RoCDG06,
 author = "W.W. Ro and S.P. Crago and A.M. Despain and J-L. Gaudiot",
 title = {{Design and evaluation of a hierarchical decoupled   architecture}},
 journal = "The Journal of Supercomputing",
 year = "2006",
 volume = "38",
 number = "3",
 pages = "237--259",
 bibdate = "2007-03-28",
 bibsource = "DBLP,   http://dblp.uni-trier.de/db/journals/tjs/tjs38.html#RoCDG06",
 URL = "http://dx.doi.org/10.1007/s11227-006-8321-2",
)

@ARTICLE(RoG06b,
 author = "W.W. Ro and J-L. Gaudiot",
 title = {{Speculative pre-execution assisted by compiler   ({SPEAR})}},
 journal = "Journal of Parallel and Distributed Computingt",
 year = "2006",
 volume = "66",
 number = "8",
 pages = "1076--1089",
 bibdate = "2007-02-27",
 bibsource = "DBLP,   http://dblp.uni-trier.de/db/journals/jpdc/jpdc66.html#RoG06",
 URL = "http://dx.doi.org/10.1016/j.jpdc.2006.03.010",
)

@ARTICLE(ShinLG06,
 author = "C. Shin and S-W. Lee and J-L. Gaudiot",
 title = {{Adaptive dynamic thread scheduling for simultaneous   multithreaded architectures with a detector thread}},
 journal = "Journal of Parallel and Distributed Computingt",
 year = "2006",
 volume = "66",
 number = "10",
 pages = "1304--1321",
 bibdate = "2007-02-27",
 bibsource = "DBLP,   http://dblp.uni-trier.de/db/journals/jpdc/jpdc66.html#ShinLG06",
 URL = "http://dx.doi.org/10.1016/j.jpdc.2006.06.003",
)

@inproceedings(CGRPD05,
 author = "A. Crist{\'o}bal-Salas and J-L. Gaudiot and C. Jauregui-Romo and E. Herran-Paz and A. Rodr{\'i}guez-Diaz",
 title = {{Blood circulation simulation using a distributed decentralized-control design}},
 booktitle = {Proceedings of the 2005 International Conference on Simulation in Education},
 year = "2005",
)

@INPROCEEDINGS(LiuG07,
 author = "S. Liu and J-L. Gaudiot",
 title = {{Synchronization Mechanisms on Modern Multi-core Architectures}},
 booktitle = {Proceedings of the 12th Asia-Pacific Conference, {ACSAC} 2007, Seoul, Korea, August 23-25, 2007},
 year = "2007",
 editor = "Lynn Choi and Yunheung Paek and Sangyeun Cho",
 volume = "4697",
 series = "Lecture Notes in Computer Science",
 pages = "290--303",
 publisher = "Springer",
 bibdate = "2007-08-23",
 bibsource = "DBLP,   http://dblp.uni-trier.de/db/conf/aPcsac/aPcsac2007.html#LiuG07",
 ISBN = "978-3-540-74308-8",
 URL = "http://dx.doi.org/10.1007/978-3-540-74309-5_28"
)

@INPROCEEDINGS(RoG05,
 author = "W.W. Ro and J-L. Gaudiot",
 title = {{A Low-Complexity Issue Queue Design with Speculative   Pre-execution}},
 booktitle = {High Performance Computing - Hi{PC} 2005, 12th   International Conference, Goa, India, December 18-21,   2005, Proceedings},
 year = "2005",
 editor = "David A. Bader and Manish Parashar and Sridhar   Varadarajan and Viktor K. Prasanna",
 volume = "3769",
 series = "Lecture Notes in Computer Science",
 pages = "353--362",
 publisher = "Springer",
 bibdate = "2007-02-01",
 bibsource = "DBLP,   http://dblp.uni-trier.de/db/conf/hipc/hipc2005.html#RoG05",
 ISBN = "3-540-30936-5",
 URL = "http://dx.doi.org/10.1007/11602569_38",
)

@INPROCEEDINGS(RoG06a,
 author = "W.W. Ro and J-L. Gaudiot",
 title = {{Design and Effectiveness of Small-Sized Decoupled Dispatch Queues}},
 booktitle = {Proceedings of 12th International Euro-Par Conference, Dresden, Germany, August 28 - September 1, 2006},
 year = "2006",
 editor = "Wolfgang E. Nagel and Wolfgang V. Walter and Wolfgang Lehner",
 volume = "4128",
 series = "Lecture Notes in Computer Science",
 pages = "485--494",
 publisher = "Springer",
 bibdate = "2007-02-01",
 bibsource = "DBLP,   http://dblp.uni-trier.de/db/conf/europar/europar2006.html#RoG06",
 ISBN = "3-540-37783-2",
 URL = "http://dx.doi.org/10.1007/11823285_50"
)

@INPROCEEDINGS(YangKLG04,
 author = "C-T Yang and Y-L Kuo and K-C Li and J-L. Gaudiot",
 title = {{On Design of Cluster and Grid Computing Environment   Toolkit for Bioinformatics Applications}},
 booktitle = {Proceedings of the 6th International   Workshop, Kolkata, India, December 27-30, 2004},
 year = "2004",
 editor = "Nabanita Das and Arunabha Sen and Sajal K. Das and   Bhabani P. Sinha",
 volume = "3326",
 series = "Lecture Notes in Computer Science",
 pages = "82--87",
 publisher = "Springer",
 bibdate = "2004-12-13",
 bibsource = "DBLP,   http://dblp.uni-trier.de/db/conf/iwdc/iwdc2004.html#YangKLG04",
 ISBN = "3-540-24076-4",
 URL = "http://springerlink.metapress.com/openurl.asp?genre=article&amp;issn=0302-9743&amp;volume=3326&amp;spage=82",
)


@article{GaoPhilips86,
   author = {Gao, Guang R.},
   affiliation = {Philips Laboratories Briarcliff Manor New York},
   title = {{Maximum pipelining linear recurrence on static data flow computers}},
   journal = {International Journal of Parallel Programming},
   publisher = {Springer Netherlands},
   issn = {0885-7458},
   keyword = {Computer Science},
   pages = {127-149},
   volume = {15},
   issue = {2},
   url = {http://dx.doi.org/10.1007/BF01414442},
   note = {10.1007/BF01414442},
   year = {1986}
}

@article{Theobald90,
  Author = "Kevin B. Theobald",
  Title = "Adding fault-tolerance to a static data flow supercomputer",
  JOURNAL = "Tech. Rep. MIT/LCS/TR-499, MIT Lab. for Comp. Sci.",
  Month = Apr,
  Year = 1991
}

@Article{security1,
  title = "Fine-Grain, End-to-End Security for {W}eb Service Compositions",
  author = "L. Singaravelu and C. Pu",
  journal = "In Proceedings of IEEE International Conference on Services Computing 2007",
  publisher = "IEEE Computer Society",
  year =  "2007",
  bibdate = "2007-07-10",
  booktitle = "IEEE SCC",
  pages = "212--219",
}

@PhdThesis{Theobald99,
  Author = "Kevin Bryan Theobald",
  Title = "{EARTH}: An Efficient Architecture for Running Threads",
  School = McGill,
  Month = may,
  Year = 1999,
  Address = Montreal
}

@PhdThesis{Altman95,
  Author = "Erik Altman",
  Title = "Optimal Software Pipelining with Function Unit and Register Constraints",
  School = McGill,
  Month = Oct,
  Year = 1995,
  Address = Montreal
}

@ARTICLE(EARTH96-2,
 author = {H. Hum and O. Maquelin and K.B. Theobald and X. Tian and G. Gao and L.J. Hendren},
 title = {{A study of the {EARTH-MANNA} multithreaded system}},
 journal = {International Journal of Parallel Programming},
 year = {1996},
 volume = {24},
 number = {4},
 pages = {319--348},
 issn = "0885-7458",
 publisher = "Plenum Press",
 address = "New York, NY, USA",
)

@inproceedings{Dennis74,
 author = {J. B. Dennis},
 title = {{First version of a data flow procedure language}},
 booktitle = {Programming Symposium, Proceedings Colloque sur la Programmation},
 year = {1974},
 isbn = {3-540-06859-7},
 pages = {362--376},
 publisher = {Springer-Verlag},
 address = {London, UK},
 }

@article{DennisGaoTodd84,
 author = {Jack Dennis and Guang R. Gao and K.W. Todd},
 title = {{Modeling the weather with a data flow supercomputer}},
 journal = {IEEE Transactions in Computers},
 year = {1984},
}


@incollection{GaoHumMon91,
   author = {Gao, Guang and Hum, Herbert and Monti, Jean-Marc},
   affiliation = {McGill University School of Computer Science McConnell Engineering Building 3480 University St. H3A 2A7 
                Montr?al Canada McConnell Engineering Building 3480 University St. H3A 2A7 Montr?al Canada},
   title = {{Towards an efficient hybrid dataflow architecture model}},
   booktitle = {PARLE '91 Parallel Architectures and Languages Europe},
   series = {Lecture Notes in Computer Science},
   editor = {Aarts, Emile and van Leeuwen, Jan and Rem, Martin},
   publisher = {Springer Berlin / Heidelberg},
   isbn = {978-3-540-54151-6},
   keyword = {Computer Science},
   pages = {355-371},
   volume = {505},
   url = {http://dx.doi.org/10.1007/BFb0035115},
   note = {10.1007/BFb0035115},
   year = {1991},
}

@inproceedings{Sarkar2012,
   author    = {Alina Simion Sbirlea and Yi Zou and Zoran Budimlic and Jason Cong and Vivek Sarkar},
   title = {{Mapping a data-flow programming model onto heterogeneous platforms}},
   booktitle = {LCTES},
   year      = {2012},
   pages     = {61-70},
   ee        = {http://doi.acm.org/10.1145/2248418.2248428},
}

@inproceedings{GarciaArtPavGao13,
  author       = "Elkin Garcia and Jaime Arteaga and Robert Pavel and Guang Gao",
  title        = {{{Optimizing the LU Factorization for Energy Efficiency on a Many-Core Architecture}}},
  booktitle    = {Proceedings of the 26th International Workshop on Languages and Compilers for Parallel Computing (LCPC 2013)},
  series       = {Lecture Notes in Computer Science},
  volume       = {},
  month        = {Sep.},
  year         = {2013},
  isbn         = {},
  address      = {Santa Clara, CA, USA},
  pages        = {},
  publisher    = {Springer-Verlag},
}

@inproceedings{GarciaGao13,
  author       = "Elkin Garcia and Guang R. Gao",
  title        = {{{Strategies for improving Performance and Energy Efficiency on a Many-core}}},
  booktitle    = {Proceedings of 2013 ACM International Conference on Computer Frontiers (CF 2013)},
  month        = {May},
  year         = {2013},
  isbn         = {978-1-4503-2053-5},
  address      = {Ischia, Italy},
  pages        = {9:1--4},
  articleno    = {9},
  numpages     = {4},
  publisher    = {ACM},
  keywords = {energy efficiency, many-core architectures, performance optimizations, power-aware transformations},
}


@inproceedings{ChenEtAl13,
    title = {{Towards An Energy-Efficient Scheduler in the Codelet Model}},
    author = {Chen Chen and Yao Wu and Joshua Suetterlein and Long Zheng and Guang Gao},
    year = {2013},
    month = {April 17-19},
    publisher = {IEEE},
    booktitle = {IEEE Symposium on Low-Power and High-Speed Chips (IEEE COOL Chips XVI)},
    address = {Yokohama, Japan},
    note = {Poster Paper}
}

@inproceedings{RibutzkaEtAl11,
    author    = {Juergen Ributzka and Yuhei Hayashi and Joseph B. Manzano and Guang R. Gao},
    title = {{The Elephant and the Mice: the Role of Non-Strict Fine-Grain Synchronization for Modern Many-Core Architectures}},
    booktitle = {ICS},
    year      = {2011},
    pages     = {338-347},
    ee        = {http://doi.acm.org/10.1145/1995896.1995948},
    bibsource = {DBLP, http://dblp.uni-trier.de}
}

%%% NOT FROM UD!

@INPROCEEDINGS{Kuroda01,
    author={Kuroda, T.},
    booktitle={Microprocesses and Nanotechnology Conference, 2001
        International},
    title = {{CMOS design challenges to power wall}},
    year={2001},
    month={Oct},
    pages={6-7},
    keywords={CMOS integrated circuits;capacitance;integrated circuit
        design;low-power electronics;CMOS power dissipation;constant field
            scaling;constant voltage scaling;low power CMOS design;power
            wall;scaling factor;technology scaling;CMOS
            technology;Circuits;Degradation;Flip-flops;MPEG 4 Standard;Parasitic
            capacitance;Power dissipation;Random access memory;Semiconductor
            device measurement;Threshold voltage},
    doi={10.1109/IMNC.2001.984030},
}

@phdthesis{Tremblay94,
    author = {Guy Tremblay},
    title = {{Parallel Implementation of Lazy Functional Programming Languages Using Abstract Demand Propagation}},
    school = {McGill University},
    year   = {1994},
    type   = {},
    address = {Montr\'eal, Qu\'ebec, Canada},
    month = {November},
    note = {}
}

@article{Tremblay00,
    author = {Guy Tremblay},
    title = {{Lenient Evaluation is Neither Strict nor Lazy}},
    journal = {Comput. Lang.},
    issue_date = {April, 2000},
    volume = {26},
    number = {1},
    month = apr,
    year = {2000},
    issn = {0096-0551},
    pages = {43--66},
    numpages = {24},
    url = {http://dx.doi.org/10.1016/S0096-0551(01)00006-6},
    doi = {10.1016/S0096-0551(01)00006-6},
    acmid = {2246026},
    publisher = {Pergamon Press, Inc.},
    address = {Tarrytown, NY, USA},
    keywords = {Lazy functional programming languages,
        Non-strict evaluation},
} 
