[D74]
@inproceedings{D74,
 author = {Dennis, J. B.},
 title = {First version of a data flow procedure language},
 booktitle = {Programming Symposium, Proceedings Colloque sur la Programmation},
 year = {1974},
 isbn = {3-540-06859-7},
 pages = {362--376},
 numpages = {15},
 url = {http://dl.acm.org/citation.cfm?id=647323.721501},
 acmid = {721501},
 publisher = {Springer-Verlag},
 address = {London, UK},
}

@article{AT81,
  author = "Arvind and Thomas, R. E. ",
  title = "I-Structures: An efficient data structure for functional languages",
  journal = "Tech. Rep. MIT/LCS/TM-178, MIT Lab. for Computer Science, Massachusetts Institute of Technology, Cambridge",
  month="",
  url = "",
  year = "1981",
}

[AT81]
ARVIND, AND THOMAS, R. E. I-Structures: An efficient data structure for functional languages.
Tech. Rep. MIT/LCS/TM-178, MIT Lab. for Computer Science, Massachusetts Institute of Technology, Cambridge, 1981.

[G86]
@article{G86,
 author = {Gaudiot, Jean-Luc},
 title = {Structure handling in data-flow systems},
 journal = {IEEE Trans. Comput.},
 issue_date = {June 1986},
 volume = {35},
 issue = {6},
 month = {June},
 year = {1986},
 issn = {0018-9340},
 pages = {489--502},
 numpages = {14},
 url = {http://dx.doi.org/10.1109/TC.1986.5009426},
 doi = {http://dx.doi.org/10.1109/TC.1986.5009426},
 acmid = {6045},
 publisher = {IEEE Computer Society},
 address = {Washington, DC, USA},
}


[HB85]
@inproceedings{HB85,
  author    = {Paul Hudak and
               Adrienne Bloss},
  title     = {The Aggregate Update Problem in Functional Programming Systems},
  booktitle = {POPL},
  year      = {1985},
  pages     = {300-314},
  ee        = {http://doi.acm.org/10.1145/318593.318660},
  bibsource = {DBLP, http://dblp.uni-trier.de}
}

[JHM04]
@article{JHM04,
 author = {Johnston, Wesley M. and Hanna, J. R. Paul and Millar, Richard J.},
 title = {Advances in dataflow programming languages},
 journal = {ACM Comput. Surv.},
 volume = {36},
 issue = {1},
 month = {March},
 year = {2004},
 issn = {0360-0300},
 pages = {1--34},
 numpages = {34},
 url = {http://doi.acm.org/10.1145/1013208.1013209},
 doi = {http://doi.acm.org/10.1145/1013208.1013209},
 acmid = {1013209},
 publisher = {ACM},
 address = {New York, NY, USA},
 keywords = {Dataflow, co-ordination languages, component software, data flow visual programming, graphical programming, multithreading, software engineering},
}

[FCO90]
@article{FCO90,
  author    = {John Feo and
               David C. Cann and
               R. R. Oldehoeft},
  title     = {A Report on the {S}isal Language Project},
  journal   = {J. Parallel Distrib. Comput.},
  volume    = {10},
  number    = {4},
  year      = {1990},
  pages     = {349-366},
  ee        = {http://dx.doi.org/10.1016/0743-7315(90)90035-N},
  bibsource = {DBLP, http://dblp.uni-trier.de}
}

[C92]
@article{C92,
 author = {Cann, David},
 title = {Retire {F}ortran?: a debate rekindled},
 journal = {Commun. ACM},
 volume = {35},
 issue = {8},
 month = {August},
 year = {1992},
 issn = {0001-0782},
 pages = {81--89},
 numpages = {9},
 url = {http://doi.acm.org/10.1145/135226.135231},
 doi = {http://doi.acm.org/10.1145/135226.135231},
 acmid = {135231},
 publisher = {ACM},
 address = {New York, NY, USA},
 keywords = {Fortran, Sisal},
}

@inproceedings{StreitzGPCYDSG05,
  author    = {Frederick H. Streitz and
	       James N. Glosli and
	       Mehul V. patel and
	       Bor Chan and
               Robert K. Yates and
               Bronis R. de Supinski and
               James C. Sexton and
               John A. Gunnels},
  title     = {{100+ TFlop Solidification Simulations on BlueGene/L}},
  booktitle = {SC},
  year      = {2005}
}

@inproceedings{GygiYLDFUSKGS05,
  author    = {Fran\c{c}ois Gygi and
               Robert K. Yates and
               Juergen Lorenz and
               Erik W. Draeger and
               Franz Franchetti and
               Christoph W. Ueberhuber and
               Bronis R. de Supinski and
               Stefan Kral and
               John A. Gunnels and
               James C. Sexton},
  title     = {{Large-Scale First-Principles Molecular Dynamics simulations
               on the BlueGene/L Platform using the Qbox code}},
  booktitle = {SC},
  year      = {2005},
  pages     = {24},
  ee        = {http://doi.acm.org/10.1145/1105760.1105789},
  crossref  = {DBLP:conf/sc/2005},
  bibsource = {DBLP, http://dblp.uni-trier.de}
}


@inproceedings{CookCWMSYW05,
  author    = {Andrew W. Cook and
               William H. Cabot and
               Peter L. Williams and
               Brian J. Miller and
               Bronis R. de Supinski and
               Robert K. Yates and
               Michael L. Welcome},
  title     = {{Tera-Scalable Algorithms for Variable-Density Elliptic Hydrodynamics
               with Spectral Accuracy}},
  booktitle = {SC},
  year      = {2005},
  pages     = {60},
  ee        = {http://doi.acm.org/10.1145/1105760.1105825},
  crossref  = {DBLP:conf/sc/2005},
  bibsource = {DBLP, http://dblp.uni-trier.de}
}

@INPROCEEDINGS{YatesGao93,
AUTHOR = "Robert Kim Yates and Guang R. Gao",
TITLE = "A Kahn Principle for Networks of Nonmonotonic Real-time Processes.",
booktitle = "PARLE'93",
PAGES = {209-227},
YEAR = {1993}  }

@inproceedings{GaoYDM90,
  author    = {Guang R. Gao and
               Robert Kim Yates and
               Jack B. Dennis and
               Lenore M. R. Mullin},
  title     = {A strict monolithic array constructor},
  booktitle = {SPDP},
  year      = {1990},
  pages     = {596-603},
  ee        = {http://dx.doi.org/10.1109/SPDP.1990.143611},
  bibsource = {DBLP, http://dblp.uni-trier.de}
}

@inproceedings{SkedzielewskiYO87,
  author    = {Stephen K. Skedzielewski and
               Robert Kim Yates and
               R. R. Oldehoeft},
  title     = {{DI: an interactive debugging interpreter for applicative
               languages}},
  booktitle = {PLDI},
  year      = {1987},
  pages     = {102-112},
  ee        = {http://doi.acm.org/10.1145/29650.29661},
  crossref  = {DBLP:conf/pldi/1987},
  bibsource = {DBLP, http://dblp.uni-trier.de}
}

@INPROCEEDINGS{AdigaEtAl02,
AUTHOR = "Narasimha R. Adiga and George Almási and Yariv Aridor and Rajkishore Barik and Daniel K. Beece and Ralph Bellofatto and Gyan Bhanot and Randy Bickford and Matthias A. Blumrich and Arthur A. Bright and José R. Brunheroto and Calin Cascaval and José G. Castaños and W. Chan and Luis Ceze and Paul Coteus and Siddhartha Chatterjee and Dong Chen and George L.-T. Chiu and Thomas M. Cipolla and Paul Crumley and K. M. Desai and Alina Deutsch and Tamar Domany and Marc Boris Dombrowa and Wilm E. Donath and Maria Eleftheriou and C. Christopher Erway and J. Esch and Blake G. Fitch and Joseph Gagliano and Alan Gara and Rahul Garg and Robert S. Germain and Mark Giampapa and Balaji Gopalsamy and John A. Gunnels and Manish Gupta and Fred G. Gustavson and Shawn Hall and Ruud A. Haring and David F. Heidel and Philip Heidelberger and Lorraine Herger and Dirk Hoenicke and R. D. Jackson and T. Jamal-Eddine and Gerard V. Kopcsay and Elie Krevat and Manish P. Kurhekar and Alphonso P. Lanzetta and Derek Lieber and L. K. Liu and M. Lu and Mark P. Mendell and A. Misra and Y. Moatti and Lawrence S. Mok and José E. Moreira and Ben J. Nathanson and Matthew Newton and Martin Ohmacht and Adam J. Oliner and Vinayaka Pandit and R. B. Pudota and Rick A. Rand and Richard D. Regan and Bradley Rubin and Albert E. Ruehli and Silvius Rus and Ramendra K. Sahoo and Alda Sanomiya and Eugen Schenfeld and M. Sharma and Edi Shmueli and Sarabjeet Singh and Peilin Song and Vijay Srinivasan and Burkhard D. Steinmacher-Burow and Karin Strauss and Christopher W. Surovic and Richard A. Swetz and Todd Takken and R. Brett Tremaine and Mickey Tsao and Arun R. Umamaheshwaran and P. Verma and Pavlos Vranas and T. J. Christopher Ward and Michael E. Wazlowski and W. Barrett and C. Engel and B. Drehmel and B. Hilgart and D. Hill and F. Kasemkhani and David J. Krolak and C. T. Li and Thomas A. Liebsch and James A. Marcella and A. Muff and A. Okomo and M. Rouse and A. Schram and M. Tubbs and G. Ulsh and Charles D. Wait and J. Wittrup and M. Bae and Kenneth A. Dockser and Lynn Kissel and Mark K. Seager and Jeffrey S. Vetter and K. Yates",
TITLE = "An overview of the BlueGene/L Supercomputer.",
booktitle = "SC'02",
PAGES = {1-22},
YEAR = {2002}  }
